4825 6525
582 1226 684 1289 LI.
798 1227 1081 1290 Orantem
1172 1227 1234 1288 in
1318 1225 1579 1307 Templo

664 1321 907 1383 Paulum
951 1322 1154 1382 Iudaei
1194 1322 1352 1383 foras
1392 1334 1578 1384 extra-

664 1416 850 1476 hunt:
921 1433 1099 1494 quem
1164 1418 1580 1495 superueniens

665 1510 984 1584 Tribunus,
1071 1512 1245 1573 morti
1342 1510 1577 1591 quidem

663 1605 846 1683 eripit,
875 1604 978 1665 sed
1003 1604 1250 1665 uinculis
1278 1605 1519 1683 stringit.

583 1872 722 1937 LII.
737 1875 1336 1955 Allocutuspopulum
1346 1874 1577 1948 PauluS,

667 1980 724 2030 et
753 1969 826 2030 de
854 1988 961 2029 sua
1000 1969 1229 2029 caelesti
1262 1970 1577 2034 ,uocatione

669 2062 938 2137 referens,
965 2074 1154 2124 morte
1171 2064 1336 2124 abeo
1364 2063 1579 2142 dignus

662 2158 1055 2219 adiudicatur:
1104 2176 1281 2236 quem
1328 2158 1579 2236 torqueri

663 2252 871 2314 iubens
924 2250 1243 2324 Tribunus,
1299 2251 1400 2311 ubi
1457 2250 1580 2311 Ro·

664 2364 906 2406 manum
933 2346 1108 2420 audit,
1137 2345 1389 2406 dimittit.

583 2717 748 2778 LIII.
806 2715 1104 2777 Reductus
1144 2718 1205 2776 in
1247 2716 1577 2777 Concilium

665 2811 897 2884 PauluS,
920 2809 1261 2870 Pontificem
1292 2829 1355 2870 se
1373 2810 1578 2870 iniuste

672 2906 1023 2965 iudicantem
1104 2905 1431 2981 redarguit:
1521 2913 1578 2964 et

662 3000 1059 3079 pugnantibus
1101 3017 1213 3078 pro
1255 3018 1328 3059 eo
1379 2998 1576 3059 Phari-

666 3095 835 3167 saeis,
883 3114 920 3153 a
962 3093 1230 3153 Tribuno
1281 3094 1343 3152 in
1392 3103 1578 3153 castra

660 3189 971 3263 reducitur,
1041 3207 1111 3249 ac
1188 3187 1405 3247 Diuina
1473 3205 1578 3267 per

661 3296 892 3345 noctem
915 3284 1141 3344 uisione
1162 3283 1553 3344 confirmatur.

583 3375 745 3439 LIV.
788 3377 1101 3438 Deuouent
1140 3396 1203 3438 se
1242 3377 1443 3438 Iudaei
1472 3395 1574 3437 oc-

664 3471 857 3534 cidere
905 3472 1192 3532 Paulum:
1242 3473 1403 3549 quod
1449 3473 1574 3531 ani-

662 3567 1033 3627 maduertens
1090 3566 1404 3639 Tribunus,
1470 3585 1576 3644 per

662 3671 897 3722 noctem
940 3680 1076 3721 eum
1119 3661 1466 3721 Caesaream
1499 3659 1576 3719 ad

661 3754 915 3816 Felicem
942 3756 1115 3816 mittit
1142 3752 1493 3815 Praesidem.

648 4770 808 4819 Notae
828 4769 901 4818 ad
913 4769 1044 4819 codcl.
1074 4769 1131 4819 Μ
1152 4775 1237 4820 etc.

645 4898 738 4948 LV
765 4898 788 4965 (

561 5095 750 5161 firsan
773 5111 799 5146 4-
813 5103 887 5146 est
906 5094 1011 5146 Mt.

1305 4768 1446 4819 LIII.
1478 4785 1681 4828 quam:
1715 4771 1801 4836 qui
1824 4767 2002 4820 Bamb.

647 4833 799 4882 LIIII
851 4833 977 4884 LIII
999 4834 1077 4897 Μ,
1101 4835 1201 4884 LII
1223 4834 1394 4895 Mea).
1427 4850 1507 4884 om
1530 4841 1590 4885 ot
1611 4836 1735 4885 Met.

888 4899 944 4949 11
967 4899 1042 4960 M,
1067 4899 1195 4949 LIII
1216 4899 1389 4965 Mea).
1443 4906 1503 4949 ot
1532 4915 1620 4951 sec.
1645 4916 1740 4951 om.
1766 4902 1840 4951 M.

579 4963 866 5014 iudaeorum
892 4964 1047 5028 (iude.
1068 4965 1246 5016 Bamb.
1269 4970 1331 5013 ut
1350 4965 1560 5029 samper)
1586 4966 1766 5016 Bamb.
1789 4967 1913 5017 Met.

643 5028 765 5079 LVI
789 5030 901 5093 (LV
928 5031 999 5092 M,
1024 5030 1179 5080 LIIII
1198 5030 1367 5096 Mea).
1401 5032 2125 5098 armatorumpartimpaiit
2141 5032 2203 5083 in
2224 5031 2300 5082 M.

1661 739 1962 804 Acras
1999 739 2411 800 APOSTOL
2421 739 2540 800 ολ
2554 709 2703 803 cm.

1807 907 1883 958 M.
1910 907 2086 957 Bamb.
2110 909 2173 958 A.
2200 906 2244 958 1.
2275 919 2321 974 7,
2346 908 2474 959 Met.
2496 919 2539 974 7.

1758 1240 1888 1281 rum
1930 1239 2110 1300 quam
2143 1220 2448 1281 simultatis
2499 1238 2676 1281 causa

1758 1316 2025 1377 sustinuit
2052 1316 2398 1394 grauiorem.

1677 1871 1874 1934 LIIII.
1916 1874 2011 1934 De
2039 1874 2265 1935 cultura
2290 1875 2502 1934 ueteris
2533 1872 2678 1950 legis

1759 1978 1818 2029 et
1844 1968 2195 2029 reuelatione
2225 1968 2534 2029 dominica.

1678 2709 1807 2771 LV.
1846 2710 1942 2778 De
1984 2712 2343 2772 reuelatione
2386 2720 2448 2772 et
2486 2728 2676 2772 resur-

1759 2805 2013 2866 rectione
2046 2805 2340 2865 dominica
2372 2849 2387 2864 .
2417 2815 2475 2893 et
2518 2804 2679 2882 quod

1758 2899 2058 2976 apostolus
2112 2900 2341 2960 militari
2409 2899 2674 2977 potentia

1760 2993 1921 3053 uixit.

1677 3376 1836 3437 LVI.
1884 3375 1976 3436 De
2017 3376 2401 3457 quadraginta
2440 3377 2678 3438 iudaeo-

1757 3489 1890 3531 rum
1930 3471 2149 3532 insidiis
2186 3482 2243 3531 et
2285 3470 2448 3551 quod
2488 3489 2678 3531 arma-

1759 3577 1949 3627 torum
2004 3567 2276 3627 manibus
2329 3566 2473 3626 uixit
2536 3584 2676 3643 apo-

1758 3660 1941 3721 stolus
1968 3678 2302 3722 caesaream
2343 3661 2677 3738 emigratus.

2133 4768 2382 4819 simulatis
2404 4770 2583 4819 Bamb.

1973 4902 2192 4970 potentie
2213 4899 2393 4950 Bamb.

3703 762 3783 829 29

2866 1231 3033 1307 plebs
3075 1229 3582 1308 conpraehaendet
3620 1229 3784 1312 (par-

2865 1327 2966 1384 tim
2996 1326 3057 1384 in
3088 1345 3204 1385 ras.
3232 1322 3386 1406 sen).

2786 1874 3044 1938 XLIIII.
3090 1876 3391 1938 Tribunus
3418 1896 3554 1938 cum
3582 1890 3780 1940 centu·

2866 1970 3062 2031 riones
3099 1980 3157 2031 et
3183 1972 3394 2033 milites
3421 1973 3782 2051 adpraehen-
3897 2049 3906 2060 .

2865 2081 2996 2123 sum
3025 2066 3264 2142 paulum
3304 2066 3541 2145 alligant
3567 2068 3786 2129 catenis

2868 2168 2927 2218 et
2970 2177 3045 2219 ex
3096 2162 3382 2238 permissu
3433 2162 3649 2222 tribuni
3698 2163 3784 2222 lo-

2867 2254 3075 2332 quitur.

2787 2431 2974 2494 XLV.
3017 2434 3232 2495 Paulus
3261 2436 3321 2494 in
3349 2437 3554 2497 castris
3587 2436 3784 2515 flagel-

2864 2528 3015 2589 latur
3065 2526 3212 2610 (-tus
3260 2527 3398 2611 cor.)
3451 2530 3676 2592 ducitur
3723 2533 3784 2591 in

2868 2625 3101 2702 populo.

2785 3372 3003 3434 XLVI.
3047 3373 3322 3449 Quedam
3340 3375 3703 3437 deuouerunt
3720 3387 3784 3437 ut

2865 3468 3005 3528 nihil
3033 3480 3334 3547 gustarent
3355 3470 3545 3531 donec
3572 3470 3784 3549 paulus

2863 3564 3237 3626 occideretur.

2789 4224 3034 4284 XLVII.
3076 4222 3342 4303 Epistula
3384 4226 3545 4288 lisiae
3583 4228 3660 4289 ad
3700 4227 3780 4290 fe-
3875 4179 3881 4185 ·

2866 4320 3037 4380 licem
3058 4319 3133 4380 de
3154 4319 3330 4399 paulo
3352 4321 3561 4415 paulus
3581 4320 3780 4403 (·los*)

2866 4434 2902 4475 a
2922 4414 3068 4476 festo
3100 4416 3488 4494 interrogatur
3513 4427 3571 4478 et
3598 4417 3778 4479 festus

2865 4510 3141 4587 agrippae
3183 4511 3305 4588 regi
3342 4522 3615 4589 suggeret
3648 4530 3779 4573 om-

2865 4623 2975 4663 ma.

1900 4837 1941 4884 d
2038 4837 2120 4883 'm
2337 4836 2349 4847 .
2607 4835 2620 4848 .
2670 4835 2682 4847 ·
2713 4768 3028 4885 gffuioraem
3050 4770 3150 4830 Μ’,
3175 4785 3250 4818 ·re
3270 4769 3450 4821 Bamb.
3471 4770 3596 4820 Met.

1941 4849 2053 4885 σω
2121 4841 2397 4900 „pamm
2420 4840 2750 4950 mm&
2776 4870 3009 4950 {emitur
3032 4898 3211 4964 <tuitus
3234 4896 3436 4967 Bam.)
3462 4899 3527 4950 de
3550 4899 3777 4949 manibus

2425 5031 2558 5082 uexit
2578 5031 2755 5081 Βακὰ
2881 5029 3119 5082 cesariam
3139 5030 3318 5082 Bamb.
3438 5034 3742 5090 amictum
3763 5046 3777 5082 τ
