4825 6525
1033 684 1112 749 28

1037 1167 1230 1229 LVII.
1268 1169 1388 1230 Ubi
1408 1169 1611 1247 paulus
1631 1167 1942 1246 purificans
1970 1186 2032 1227 se

1117 1264 1350 1324 intrauit
1403 1263 1686 1343 templum
1732 1273 1790 1323 et
1841 1262 2033 1322 iudaei

1116 1357 1436 1419 iniecerunt
1461 1358 1521 1417 iu
1559 1374 1697 1418 eum
1731 1374 1941 1442 manus
1978 1367 2035 1416 et

1116 1454 1385 1531 exposuit
1452 1451 1561 1513 illis
1625 1451 1835 1530 paulus
1888 1469 2035 1530 quo-

1117 1546 1302 1609 modo
1319 1556 1587 1609 uocasset
1604 1564 1739 1605 eum
1761 1544 2035 1606 dominus

1118 1641 1370 1702 christus
1407 1650 1469 1703 et
1507 1641 1859 1719 baptizasset
1898 1656 2035 1698 eum

1117 1735 1418 1796 annanias.

1040 1827 1264 1892 LVIII.
1304 1828 1424 1890 Ubi
1462 1828 1818 1909 quaerebant
1849 1825 2048 1886 iudaei·

1121 1923 1390 1985 occidere
1425 1922 1667 2002 paulum
1704 1932 1763 1982 et
1799 1921 1941 1981 dixit
1975 1939 2037 1981 se

1123 2018 1314 2079 ciuem
1342 2034 1654 2079 romanum
1680 2033 1827 2076 esse.

1043 2675 1296 2736 Lv1111.
1341 2674 1460 2736 Ubi
1500 2676 1706 2754 paulus
1747 2676 2046 2737 maledixit

1127 2770 1440 2830 annaniam
1460 2771 1780 2848 principem
1797 2789 1870 2830 eo
1885 2770 2046 2847 quod

1124 2864 1464 2942 percusserit
1502 2863 1797 2923 maxillam
1829 2864 1954 2923 eius
1993 2873 2048 2923 et

1125 2959 1363 3018 iusidias
1380 2958 1718 3018 iudaeorum
1735 2967 1799 3017 ut
1810 2958 2047 3035 paulum

1128 3051 1477 3113 occiderent.

1057 3799 1186 3860 LX.
1241 3799 1319 3860 Et
1386 3801 1487 3860 ubi
1555 3799 1816 3861 claudius
1883 3800 2056 3877 lysias

1137 3894 1365 3973 scripsit
1419 3894 1568 3956 felici
1622 3895 1871 3973 praesidi
1925 3913 2055 3956 cae-

1136 4008 1302 4050 sarea
1390 4000 1448 4050 et
1535 3989 1910 4050 commendat
2001 3990 2054 4049 ei

1136 4084 1394 4162 paulum.

1057 4177 1217 4238 LXI.
1251 4178 1372 4238 Ubi
1393 4178 1596 4238 milites
1616 4177 1871 4238 fecerunt
1890 4196 2052 4255 prae-

1137 4283 1375 4350 ceptum
1456 4271 1742 4333 duxerunt
1813 4271 2052 4349 paulum

1139 4384 1491 4428 caesaream.

1125 4697 1287 4747 Notae
1305 4696 1378 4746 ad
1390 4697 1520 4746 codd.
1545 4695 1732 4745 ΒΡΘΚ
1753 4702 1838 4745 etc.
1904 4695 2123 4745 Lvnn.
2157 4698 2424 4763 assumptis
2445 4696 2593 4747 KRU
2609 4712 2633 4747 c
2664 4696 2835 4747 Thone.

1061 4761 1194 4828 (·plo
1215 4761 1308 4824 S)=
1339 4762 1509 4813 om.·K
1530 4777 1556 4812 c
1575 4761 1693 4812 Sab.

1126 4828 1235 4877 LX.
1270 4827 1449 4878 dicitur
1469 4827 1520 4887 S,
1547 4827 1672 4877 dixit
1693 4826 1837 4883 δετὰς
1870 4826 2087 4892 loquitur
2109 4827 2185 4886 R3
2233 4842 2271 4880 -i-
2299 4826 2477 4893 paulus
2497 4827 2654 4878 iudeis
2675 4827 2737 4877 R.

1789 4893 2002 4942 annania
2038 4893 2253 4943 B(·)¹KS.

1126 4892 1265 4943 LXI.
1296 4909 1392 4944 one.
1411 4898 1583 4958 depr.
1606 4892 1657 4943 S.

2288 670 2293 674 ’
2313 683 2421 744 CA
2431 682 2542 743 ΡΙ
2542 681 2768 744 TULA
2823 680 2941 739 IN

2209 954 2564 1040 Thombstu'm
2608 954 2709 1032 cod}
2750 982 2891 1032 corb.
2911 953 2958 1030 '2
2998 978 3141 1044 apud

2196 1050 2448 1100 Sabatia-r.

2136 1165 2390 1226 LVIIII.
2423 1164 2544 1225 Ubi
2571 1164 2779 1243 paulus
2807 1163 3134 1241 adsumptis

2214 1261 2355 1322 uiris
2384 1271 2616 1339 postera
2657 1260 2752 1320 die
2797 1258 3133 1337 purificatus

2215 1373 2350 1417 cum
2374 1355 2483 1415 illis
2501 1355 2732 1415 intrauit
2753 1355 2814 1414 in
2835 1353 3134 1432 templum.

2142 1830 2268 1891 LX.
2311 1829 2430 1890 Ubi
2486 1830 2624 1891 dicit
2676 1830 2787 1890 uiri
2843 1829 3044 1890 fratres
3083 1839 3141 1888 et

2222 1937 2414 2004 patres
2457 1925 2650 1986 audite
2691 1941 2868 2003 quam
2913 1922 2989 1983 ad
3032 1941 3141 1984 uos

2223 2038 2381 2080 nunc
2410 2019 2593 2079 reddo
2622 2019 2924 2078 rationem.

2144 2392 2300 2453 LXI.
2342 2392 2462 2453 Ubi
2515 2392 2587 2452 de
2629 2392 2845 2452 anania
2887 2391 3142 2470 loquitur

2223 2499 2282 2548 et
2308 2486 2383 2547 de
2410 2486 2503 2547 his
2529 2486 2628 2566 qui
2655 2486 2710 2546 ei
2731 2485 3078 2546 acciderunt.

2148 2668 2337 2729 LXII.
2386 2669 2508 2729 Ubi
2556 2661 2828 2747 princeps
2876 2668 3145 2729 sacerdo·

2229 2774 2354 2822 tum
2407 2763 2649 2821 ananias
2704 2762 2994 2839 praecepit
3023 2760 3144 2820 ad-

2228 2856 2512 2916 stantibus
2571 2855 2681 2915 sibi
2730 2865 3027 2932 percutere
3074 2873 3145 2914 os

2231 2949 2387 3028 pauli
2419 2948 2714 3008 reddentis
2741 2968 2850 3027 pro
2877 2967 2940 3008 se
2973 2948 3147 3009 ratio·

2232 3060 2388 3102 nem.

2157 3330 2381 3391 LXIII.
2411 3330 2532 3391 Ubi
2558 3330 2798 3410 quidam
2825 3349 2898 3390 ex
2927 3329 3150 3390 iudaeis

2237 3425 2596 3486 deuouerunt
2613 3443 2675 3484 se
2692 3424 2950 3484 dicentes
2959 3443 3150 3503 neque

2236 3520 2691 3579 manducaturos
2760 3536 2948 3596 neque
3004 3518 3151 3577 bibi-

2237 3623 2399 3674 turos
2454 3613 2642 3674 douec
2696 3612 2930 3690 paulum
2996 3611 3153 3672 occi-

2237 3707 2458 3767 derent.

2159 3799 2413 3862 LXIIII.
2454 3800 2572 3861 Ubi
2627 3799 2889 3860 tribunus
2937 3799 3153 3860 dimisit

2237 3895 2672 3956 adulescentem
2699 3895 3061 3973 praecipiens
3098 3896 3152 3955 ei

2237 4008 2313 4050 ue
2340 3991 2436 4050 cui
2464 3989 2815 4066 loqueretur.

3241 1163 3371 1225 LII.
3414 1161 3660 1222 Paulum
3701 1158 3856 1219 iudei
3898 1157 3973 1218 de
4013 1157 4236 1244 templo

3317 1266 3508 1318 naunt
3534 1265 3591 1315 et
3618 1255 3882 1314 tribunus
3921 1269 4056 1312 eum
4094 1251 4236 1328 liga-

3319 1363 3442 1412 tum
3463 1352 3519 1410 in
3537 1361 3728 1410 castra
3750 1346 3945 1407 induci
3964 1342 4236 1428 (iudici⁸)

3319 1446 3478 1505 iubet
3497 1445 3596 1504 ubi
3623 1442 3828 1522 paulus
3857 1451 4022 1520 gesta
4050 1459 4156 1500 sua
4181 1451 4238 1501 et

3320 1537 3623 1618 quomodo
3647 1546 3892 1597 uocatus
3919 1535 3990 1595 sit
4017 1534 4206 1594 refert.

3247 1823 3407 1886 LIII.
3437 1823 3651 1883 Paulus
3670 1821 3903 1882 tribuno
3918 1818 4241 1897 flagellatus

3326 1920 3516 1979 ciuem
3553 1931 3865 1976 romanum
3901 1931 3966 1973 se
4003 1912 4142 1973 dicit
4181 1921 4242 1972 et

3327 2028 3634 2090 percussus
3671 2007 3915 2087 principi
3949 2005 4241 2066 maledicit

3325 2125 3395 2166 ac
3438 2123 3502 2165 se
3537 2103 3811 2164 sariseum
3848 2119 3977 2162 esse
4015 2098 4241 2178 procla-

3325 2217 3497 2259 mans
3524 2198 3599 2259 de
3627 2215 3734 2258 sua
3762 2195 4040 2275 religione
4068 2194 4222 2255 dicit.

3253 3332 3451 3395 LIIII.
3496 3333 3740 3393 Paulum
3770 3334 4041 3395 dominus
4074 3343 4248 3395 nocte

3333 3429 3641 3488 confirmat
3684 3439 3741 3488 et
3787 3428 4247 3488 coniurationem

3335 3523 3637 3583 iudeorum
3678 3523 3829 3583 filius
3869 3523 4084 3583 sororis
4122 3522 4248 3582 eius

3335 3618 3568 3677 tribuno
3596 3616 3805 3694 prodit.

2158 4177 2343 4238 LXV.
2405 4178 2524 4237 Ubi
2583 4177 2790 4237 milites
2831 4177 3150 4236 secundum
3256 4178 3382 4239 LV.
3444 4179 3498 4239 A
3554 4179 3790 4238 tribuno
3843 4178 4056 4239 milites
4114 4196 4249 4239 cum

2238 4281 2614 4350 praeceptum
2643 4271 2752 4331 sibi
2779 4271 3151 4331 adsumentes

2235 4364 2473 4443 paulum
2491 4363 2776 4424 duxerunt
2792 4383 2899 4442 per
2915 4375 3153 4425 noctem

2234 4457 2296 4516 in
2325 4457 2740 4535 antipatridem.

2099 4600 2106 4641 1

2998 4711 3096 4746 one.
3118 4711 3248 4746 oum
3269 4698 3388 4745 illis
3413 4696 3463 4746 S.

2384 4896 2478 4942 ω.
2509 4909 2624 4944 cum
2645 4892 2743 4943 ou
2769 4826 3219 4955 Τιοιῗεῗὲῗςεὲα
3243 4892 3467 4943 BFKRS
3491 4893 3604 4942 Sah.

3332 4273 3531 4333 litteris
3585 4273 3834 4332 ordinati
3892 4271 4130 4351 paulum
4177 4271 4253 4333 ad

3333 4364 3558 4427 felicem
3575 4365 3867 4443 presidem
3887 4367 3946 4424 in
3958 4382 4251 4425 cesaream

3335 4471 3505 4520 nocte
3534 4461 3875 4538 perducunt.

3627 4698 3868 4781 inmun
3881 4698 3952 4760 ,ιιι
3973 4698 4250 4754 tempium

3336 4841 3521 4877 nuno:
3561 4841 3655 4878 nec
3676 4827 3743 4878 K.
3876 4827 4127 4876 racionem
4151 4826 4251 4876 RS.

3737 4896 3794 4943 ei
3816 4896 4169 4945 aeciderunt:
4203 4892 4252 4942 ei

1061 4959 1340 5010 acciderant
1376 4958 1424 5008 R
1444 4974 1501 5020 cg
1532 4975 1629 5009 one.
1656 4960 1710 5007 ei
1732 4958 1829 5009 cod.
1853 4959 1909 5009 S.
1931 4956 2121 5013 Padi:
2161 4967 2215 5015 >
2235 4958 2518 5009 acciderunt
2542 4956 2749 5024 (-rant*)
2772 4958 2850 5008 illi
2872 4958 2908 5008 S
2933 4975 2947 5019 ;
2980 4958 3156 5008 deinde
3187 4971 3223 5009 4-
3254 4959 3376 5009 dicit
3407 4957 3578 5009 Thom.

1126 5024 1291 5075 an.
1325 5025 1560 5075 annanias
1584 5023 1797 5074 Boms,
1944 5025 2166 5089 precepit
2189 5024 2365 5074 BKRS
2387 5041 2427 5075 c.

1072 5088 1246 5141 nom.
1400 5090 1649 5142 racionem
1670 5088 1722 5139 S.

1130 5155 1325 5206 Lxm.
1357 5172 1452 5207 ex:
1487 5156 1597 5206 dec
1626 5154 1797 5207 Thone.

1932 5154 2092 5205 iudeis
2114 5156 2160 5205 R
2176 5171 2217 5207 c.

2355 5163 2409 5211 >
2435 5155 2498 5206 de
2521 5156 2621 5205 iud.
2644 5155 2846 5221 quidam
2876 5156 2928 5205 T
2918 5155 3049 5206 hom.

1064 5236 1161 5271 m.
1183 5235 1364 5279 neque
1399 5225 1683 5271 bibituro·
1705 5256 1720 5272 .
1747 5256 1762 5272 .
1785 5256 1800 5271 .
1828 5223 2151 5272 occiderent
2173 5221 2226 5271 K
2246 5235 2272 5269 c
2292 5222 2406 5270 Sub.

1130 5286 1351 5338 ann.
1384 5287 1747 5338 adolescentem
1769 5286 1866 5337 RU
1885 5301 1913 5335 c
1943 5286 2113 5337 Thone.
2136 5285 2273 5340 Sab..
2297 5285 2502 5336 adulisc.
2529 5286 2649 5347 BS*‚
2676 5286 2880 5337 adolisc.
2904 5285 2970 5336 K.

1130 5350 1293 5403 va,
1327 5356 1668 5403 secundum:
1699 5352 1815 5403 sede
1830 5352 1881 5402 S.

1067 5416 1129 5467 in
1161 5432 1261 5468 ras.
1285 5417 1363 5477 03
1393 5416 1619 5467 dixerunt
1646 5433 1688 5468 c.

1997 5359 2284 5417 preceptum
2306 5351 2439 5401 BKS
2459 5366 2499 5401 c.

2581 5024 2853 5076 astantibus
2874 5024 2919 5073 R
2940 5039 2979 5086 c,
2998 5032 3112 5075 asst.
3134 5023 3199 5075 U.

1874 5103 1971 5142 om.
1995 5093 2108 5139 sibi
2130 5125 2144 5139 .
2172 5126 2185 5140 .
2208 5124 2225 5141 .
2243 5094 2524 5140 rationem
2548 5090 2598 5140 K
2620 5105 2645 5139 c
2666 5090 2780 5140 Sab.
2801 5106 2814 5149 ;
2846 5105 2940 5139 om.
2963 5093 3253 5141 reddentis
3274 5126 3288 5141 .
3320 5127 3334 5142 .
3356 5127 3368 5140 .
3392 5094 3673 5140 rationem
3695 5091 3742 5139 R
3770 5090 3901 5141 codd.
3931 5097 4013 5156 ap.
4044 5087 4217 5139 Diona.

3202 5170 3386 5215 neque
3411 5163 3492 5222 pr.
3507 5171 3522 5217 3
3554 5171 3655 5206 non
3685 5155 3749 5206 R.

3341 5024 3553 5074 rodentis
3573 5024 3627 5087 S,
3651 5024 3910 5074 reddentes
3930 5024 3996 5085 Θ,
4018 5022 4255 5073 reddente

3901 5155 4154 5205 bibetnros
4185 5152 4251 5204 R.

3103 5287 3378 5352 precipiens
3400 5286 3580 5336 BKRS
3596 5301 3634 5337 c.

2612 5359 2915 5401 assumentes
2937 5352 3079 5403 BKU
3100 5366 3125 5400 c
3157 5353 3325 5402 Diam.
3362 5351 3496 5413 Sub„
3517 5358 3792 5402 asumeutes
3811 5349 3863 5402 S.

1882 5419 2289 5474 antipatridem
2318 5417 2612 5481 sedprimus
2636 5424 2696 5466 ut
2727 5415 2872 5493 iqsra
2904 5416 3018 5466 Act.
3050 5417 3186 5466 xxiii.
3222 5430 3297 5480 31,
3323 5418 3385 5482 αἱ
3409 5416 3705 5482 antipatride
3742 5416 3803 5479 B,
3824 5416 3941 5466 -deu
3974 5417 4041 5477 Θ,
4064 5416 4150 5466 -de
4187 5415 4250 5478 R,

3968 5354 4252 5400 duxerunt

1064 5482 1452 5548 anthipatridem
1478 5483 1648 5533 Thena.
1670 5500 1685 5533 ε
1717 5482 2071 5550 antipatridam
2088 5482 2199 5546 FU,
2219 5483 2585 5547 autepatridam
2602 5482 2654 5545 S,
2677 5481 3026 5548 autipetridam
3049 5481 3164 5533 (lat.
3183 5496 3331 5546 4²²1·
3394 5496 3488 5531 om.
3504 5496 3607 5540 per
3620 5497 3744 5533 noo.
3758 5484 3822 5531 in
3836 5485 4014 5540 antip.
4031 5482 4081 5531 K
4094 5496 4119 5530 c
4131 5480 4247 5531 Sab.
