4825 6525
635 1211 808 1275 v111.
849 1213 1018 1276 Idem
1040 1214 1280 1275 refertur
1309 1216 1427 1276 suis
1443 1216 1633 1278 minas

716 1309 1088 1387 principum:
1129 1310 1342 1387 quibus
1382 1328 1525 1370 mox
1556 1309 1630 1370 ad

714 1402 913 1464 Deum
986 1422 1198 1464 uocem
1288 1403 1631 1475 leuantibuS,

715 1497 951 1558 aduenit
995 1497 1243 1575 Spiritus
1282 1498 1546 1570 Sanctus,
1578 1508 1634 1558 et

715 1592 998 1652 maiorem
1040 1593 1124 1651 cis
1157 1593 1531 1670 praedicandi
1570 1592 1633 1651 fi-

715 1685 946 1745 duciam
981 1687 1196 1746 tribuit.

634 1779 740 1840 IX.
782 1781 931 1839 Item
948 1798 1069 1840 una
1098 1781 1294 1842 anima
1312 1781 1633 1859 primitiuae

714 1873 1010 1936 Ecclesiae
1053 1875 1176 1934 uita
1213 1875 1492 1936 refertur:
1534 1877 1634 1937 ubi

716 1967 932 2046 Ioseph
988 1969 1127 2048 quia
1194 1969 1436 2030 fideliter
1499 1988 1634 2048 pos-

715 2081 878 2124 sessa
968 2063 1216 2142 reliquit,
1309 2083 1634 2144 congruum

714 2176 852 2217 suae
896 2156 1027 2218 fidei
1070 2160 1147 2218 ab
1187 2158 1489 2237 Apostolis
1529 2178 1633 2218 no-

716 2269 851 2311 men
895 2252 1124 2329 accipit.
1207 2255 1292 2312 At
1328 2253 1635 2312 Annanias

717 2357 773 2405 ct
804 2346 1093 2423 Sapphira
1126 2347 1264 2425 quia
1299 2346 1432 2407 Deo
1469 2365 1632 2407 men-

723 2440 811 2500 tiri
858 2442 1237 2513 conabantur,
1284 2441 1399 2501 cita
1443 2451 1633 2501 morte

716 2535 991 2613 perfidiae
1020 2535 1253 2613 culpam
1281 2536 1535 2615 expiant.

639 3087 712 3148 X.
783 3085 1256 3147 Clarescentibus
1323 3087 1633 3166 Apostolo-

718 3200 846 3240 rum
890 3182 1089 3259 signis,
1121 3182 1363 3242 aliarum
1397 3201 1633 3263 quoque

720 3276 1034 3337 Ciuitatum
1074 3277 1382 3338 multitudo
1421 3278 1631 3338 Hiero-

718 3370 1002 3449 solymam
1032 3371 1295 3432 sananda
1323 3371 1583 3434 confluit.

638 3465 744 3525 XI.
791 3465 1009 3526 Missos
1038 3466 1099 3526 in
1139 3485 1431 3527 carcerem
1474 3468 1632 3546 Apo-

717 3559 897 3619 stolos
909 3560 1172 3637 Angelus
1182 3571 1359 3621 nocte
1374 3560 1448 3620 ad
1469 3581 1632 3640 prae—

717 3653 1031 3714 dicandum
1118 3654 1328 3715 educit.
1454 3655 1632 3730 Quod

717 3750 1001 3827 comperti
1071 3749 1372 3827 Principes
1440 3751 1634 3810 uerbis

717 3860 821 3902 eos
888 3852 1096 3902 terrere
1161 3852 1467 3920 temptant,
1525 3863 1634 3905 nec

716 3937 952 3996 ualent:
997 3937 1316 3997 interficere
1359 3938 1632 4015 cogitant,

718 4030 820 4091 sed
851 4029 1179 4091 Gamalihel
1221 4031 1635 4092 interueniente

705 4135 1024 4187 *uetanturz
1089 4124 1357 4199 caedunt,
1412 4127 1635 4185 minan·

718 4229 966 4297 turque3
1024 4239 1134 4280 nec
1176 4237 1280 4280 cos
1320 4219 1397 4279 ab
1438 4219 1634 4279 Euan-

706 4313 1024 4391 .gelizando
1052 4323 1342 4374 coercent.

644 4926 651 4933 ⁵
703 4953 867 5002 Notae
889 4955 961 5003 ad
976 4954 1105 5003 codd.
1131 4954 1185 5003 M
1210 4961 1296 5004 etc.
1365 4956 1460 5006 xl.
1494 4964 1581 5008 eat
1596 4964 1694 5007 ψεῖ
1719 4958 1844 5007 Met.

705 5018 828 5067 XII.
860 5019 1109 5068 mendatio
1132 5019 1188 5068 M
1214 5019 1389 5071 Bamh.

639 5090 879 5150 perpetua
903 5084 959 5133 M
983 5084 1162 5134 Bamb.

703 5214 881 5265 XIIII.

1525 5024 1761 5073 anania:
1784 5023 1931 5072 annia
1952 5022 2028 5071 M.

1724 727 2026 792 ACTUS
2068 726 2777 793 APOSTOLORUM.

1881 898 1956 948 M.
1980 898 2158 947 Bamb.
2178 898 2240 949 A.
2268 899 2308 948 1.
2340 907 2385 961 7,
2410 899 2533 949 Met.
2563 909 2609 963 7·

1737 1776 1843 1837 XI.
1904 1777 1996 1838 De
2052 1777 2186 1840 loco
2240 1778 2341 1859 qui
2397 1788 2596 1839 motus
2652 1793 2738 1839 est

1816 1889 1953 1931 cum
1995 1872 2240 1951 apostoli
2286 1872 2453 1934 eiecti
2492 1872 2568 1934 de
2609 1892 2737 1934 car-

1818 1985 1949 2027 cere
1992 1968 2208 2028 reuersi
2250 1967 2327 2027 ad
2369 1967 2574 2029 fratres
2607 1986 2736 2028 ora-

1820 2072 1962 2121 rent.

1739 2611 1879 2674 XII.
1949 2612 2040 2674 De
2109 2616 2430 2674 substantia
2491 2615 2738 2675 indiuisa

1818 2709 2179 2769 credentium
2223 2720 2284 2771 et
2326 2709 2400 2769 dc
2431 2710 2739 2770 mendacio

1817 2805 1879 2863 in
1934 2805 2146 2863 anania
2201 2814 2258 2864 et
2319 2804 2554 2882 saphIra
2609 2823 2738 2882 per·

1818 2908 2047 2976 petrato
2075 2908 2134 2958 et
2163 2909 2352 2958 morte
2381 2898 2678 2959 damnato.

1740 3937 1911 3997 XIII.
1966 3937 2070 3999 De
2114 3940 2332 3998 sanctis
2374 3938 2475 4015 qui
2524 3938 2585 3996 in
2631 3957 2738 3999 no-

1820 4031 1977 4090 mine
2019 4031 2214 4092 christi
2238 4042 2317 4127 ‘et
2358 4049 2560 4091 curare
2607 4049 2739 4109 pro-

1820 4125 2094 4185 hibentur
2121 4144 2355 4204 semper
2382 4137 2441 4186 et
2469 4125 2698 4186 docere.

1742 4400 1947 4461 XIIII.
1992 4401 2084 4461 Dc
2127 4402 2378 4462 consil‘o
2420 4400 2741 4478 gamalielis

1821 4495 1979 4573 quod
2021 4496 2116 4556 dei
2153 4513 2305 4573 opus
2349 4496 2739 4558 ·l·dissoluere†

1822 4592 1962 4650 uitia
1991 4590 2247 4650 humana
2269 4609 2389 4651 non
2412 4599 2655 4668 possent
2682 4601 2739 4649 ct

1823 4686 2219 4763 apostolorum
2257 4685 2446 4762 plebis
2494 4684 2738 4744 sollicita

1820 4781 2164 4840 uisitatione.

1984 4959 2155 5006 eiecti
2176 4973 2189 5004 ε
2223 4956 2381 5006 relicti
2406 4956 2463 5005 M
2487 4957 2667 5007 Bamb.

2174 5036 2252 5070 om
2275 5028 2333 5071 et
2353 5037 2439 5071 sec.
2464 5022 2644 5072 Bamb.

1309 5087 1602 5151 dampnatio
1623 5088 1803 5138 Bamb.

703 5149 853 5200 XIII.
889 5164 983 5199 om.
1008 5152 1110 5208 qui
1132 5153 1193 5199 in
1215 5156 1445 5202 nomine
1468 5154 1649 5205 Bamb.

915 5215 1200 5280 gamlihelis
1222 5217 1420 5278 Bamb„
1448 5217 1770 5283 gamalihelis
1791 5218 1913 5268 Met.

2231 5641 2344 5691 (32

2796 5022 3012 5087 saphyra
3035 5022 3130 5072 Μ’.

3774 746 3848 793 ΙῙ

2846 2623 3101 2688 XXXV.
3159 2625 3253 2686 De
3297 2626 3410 2687 loci
3467 2627 3727 2696 motione
3781 2627 3844 2688 in

2924 2737 3046 2799 quo
3136 2721 3388 2798 apostoli
3472 2721 3704 2781 stabant
3783 2732 3842 2783 et

2926 2814 3127 2874 omnia
3181 2816 3520 2875 communia
3575 2826 3738 2876 erant
3784 2827 3844 2877 et

2925 2907 3000 2967 de
3047 2910 3262 2969 anania
3314 2928 3451 2970 cum
3499 2927 3683 2971 uxore
3736 2929 3842 2971 sua

2924 3002 3216 3081 sapphira.

2841 3756 3012 3817 VIII.
3097 3758 3368 3836 Apostoli
3449 3759 3507 3817 in
3576 3757 3841 3817 custodia

2917 3854 3229 3913 mittuntur
3296 3862 3355 3911 et
3425 3850 3670 3925 angelus
3736 3867 3842 3917 eos

2923 3946 3157 4006 dimittit
3211 3955 3276 4007 ut
3331 3946 3392 4005 in
3447 3943 3665 4022 templo
3735 3943 3840 4009 do-

2924 4053 3120 4101 cerent
3135 4037 3496 4118 (—ret*)quos
3513 4035 3843 4103 sacerdotes

2922 4143 3268 4212 coarguunt.

2843 4407 3049 4477 v1111.
3119 4409 3212 4468 De
3273 4408 3524 4479 theodan
3553 4418 3612 4468 et
3667 4409 3840 4470 iudae

2923 4502 3421 4582 seudoprophetiS.

3265 5024 3586 5079 perpetrato
3611 5024 3670 5068 et
3687 5018 3811 5067 Met.
3830 5034 3843 5068 ε

2048 5219 2359 5269 dssnoluere
2384 5218 2462 5268 ila
2483 5218 2739 5283 legendum
2762 5216 3009 5268 credimus
3034 5217 3114 5285 (qfi
3134 5220 3245 5269 Act.
3267 5233 3315 5268 v.
3341 5213 3444 5281 39),
3470 5215 3559 5265 sed
3571 5215 3702 5264 Iocus
3723 5221 3846 5264 certe

637 5286 905 5347 corruptus
918 5288 1020 5331 est:
1057 5281 1263 5332 dissolui
1279 5283 1408 5334 codd.
1432 5298 1446 5344 3
1477 5283 1655 5335 deinde
1675 5284 1769 5349 def.
1792 5284 1847 5332 M
1873 5298 2029 5350 usque
2049 5283 2123 5334 ad
2134 5287 2548 5343 persecutionis
2571 5291 2679 5349 cap.
2691 5299 2803 5335 xxx.
2869 5299 3014 5349 posse
3032 5285 3156 5335 Met.

3256 5282 3539 5349 apostolum
3560 5280 3693 5347 plebi
3717 5281 3840 5331 Met.
