4825 6525
1355 728 1496 788 DE
1533 729 1640 791 CA
1651 727 1757 788 Pl
1758 729 1987 790 TULA
2006 729 2103 789 TI
2104 727 2330 790 ONIB
2340 726 2449 789 US
2492 727 2740 790 DONA
2760 726 2856 787 TI
2855 726 2908 789 S
2916 726 3016 787 TI
3015 726 3117 788 CI
3113 725 3180 787 S.
3683 739 3726 807 5

723 1638 873 1713 DE
940 1633 2061 1713 CAPITULATIONIBUS
2130 1633 2481 1710 NOUIS
2544 1631 3063 1708 CODICUM
3129 1631 3718 1722 METENSIS‚

1303 1801 2053 1894 MONACENSIS‚
2121 1801 2266 1876 ET
2344 1799 3230 1878 BAMBERGENSIS.

844 2067 986 2119 Haec
1017 2068 1253 2135 capitula,
1260 2068 1377 2135 fere
1411 2079 1532 2119 Lxu
1565 2083 1792 2132 numero,
1814 2083 1941 2133 quae
1967 2067 2227 2132 incipiunt
2248 2069 2328 2117 De
2350 2067 2581 2132 passione
2611 2074 2717 2128 etc„
2737 2083 2802 2116 ex
2822 2067 2920 2116 cod.
2942 2066 3237 2116 Monacensi
3264 2064 3326 2115 62
3332 2081 3414 2130 30,
3435 2081 3556 2116 saec.
3583 2077 3718 2117 ιιι-κ

1041 2146 1159 2213 (qui
1176 2154 1249 2197 est
1270 2147 1326 2196 M
1349 2152 1516 2197 noster
1533 2146 1594 2194 in
1617 2145 1846 2208 Actibus)
1870 2161 2007 2194 anno
2032 2146 2154 2209 189²
2179 2145 2439 2210 descripsit
2462 2146 2537 2197 H.
2540 2146 2600 2211 J.
2630 2144 2811 2198 mite.
2884 2145 2991 2208 Qui
3005 2160 3118 2194 cum
3140 2145 3200 2194 in
3220 2145 3293 2194 eis
3302 2145 3465 2208 plura
3485 2144 3720 2195 animad-

1039 2225 1268 2276 uersione
1296 2225 1456 2288 digna
1482 2224 1761 2274 obseruaret
1789 2223 1917 2272 alios
1940 2223 2116 2272 codices
2147 2223 2424 2287 requisiuit
2455 2224 2513 2272 in
2546 2223 2729 2288 quibus
2759 2222 2926 2271 eadem
2959 2224 3051 2271 uel
3069 2222 3266 2271 similia
3286 2229 3719 2275 conseruarentur.

1039 2303 1185 2353 Duos
1204 2318 1317 2352 cum
1340 2301 1598 2351 inueniret
1618 2300 1680 2349 ab
1701 2300 1860 2349 amico
1881 2305 2048 2348 nostro
2067 2300 2125 2350 S.
2147 2300 2338 2364 Berger
2357 2299 2418 2348 in
2440 2300 2566 2349 libro
2586 2315 2675 2349 suo
2686 2299 2909 2364 perutili
2931 2299 3183 2350 ‘Histoire
3203 2300 3261 2349 de
3282 2301 3335 2350 la
3367 2301 3577 2364 Vulgate
3596 2299 3612 2321 ⁹
3627 2306 3712 2350 etc.

1030 2387 1092 2445 p.
1117 2392 1213 2444 357
1234 2379 1402 2439 citari,
1429 2378 1515 2428 lios
1535 2378 1689 2428 etiam
1722 2375 2032 2442 conferendos
2063 2377 2285 2427 curauit.
2340 2377 2582 2441 Capitula
2604 2377 2702 2428 cod.
2725 2376 3105 2441 Bambergensis
3127 2377 3192 2426 A.
3214 2392 3255 2427 1.
3279 2386 3322 2441 7.
3340 2393 3461 2427 saec.
3481 2389 3600 2436 xw,
3620 2378 3714 2426 uir

1036 2457 1203 2507 doctus
1235 2455 1455 2518 Fischer,
1490 2453 1904 2518 bibliothecarius,
1937 2453 2302 2504 humanissime
2341 2456 2506 2503 nostri
2541 2470 2692 2504 causa
2724 2454 2987 2519 exscripsit
2999 2470 3024 2514 ;
3065 2454 3288 2521 capitula
3319 2456 3417 2507 cod.
3451 2455 3709 2518 Metensis‚

1038 2549 1158 2587 saec.
1184 2545 1242 2584 1x
1278 2533 1521 2595 ineuntis,
1546 2534 1650 2598 ipse
1674 2548 1811 2582 anno
1836 2544 1959 2597 1901
1992 2532 2257 2595 exscripsit
2288 2534 2361 2584 H.
2383 2532 2445 2597 J.
2478 2531 2662 2586 White.
2728 2533 2835 2583 His
2865 2532 3107 2583 codicibus
3139 2533 3337 2583 muniti
3365 2540 3558 2583 textum
3590 2535 3716 2583 satis

1038 2611 1237 2672 bonum,
1258 2611 1487 2660 adhibita
1507 2611 1717 2660 subinde
1737 2610 2033 2672 coniectura,
2057 2610 2429 2661 constituimus.

836 2689 979 2740 Haec
1010 2688 1249 2753 capitula,
1271 2704 1554 2753 numquam
1585 2696 1733 2738 antea
1757 2690 1888 2753 quod
1905 2688 2092 2737 scimus
2110 2689 2366 2752 euulgata,
2387 2688 2701 2754 singularem
2729 2689 2976 2754 quendam
2997 2690 3156 2739 locum
3175 2690 3395 2739 obtinent
3416 2690 3477 2740 in
3499 2690 3715 2740 historia

1030 2766 1347 2816 ecclesiastica
1363 2767 1434 2817 N.
1462 2768 1520 2819 T.
1542 2765 1716 2829 latini,
1730 2772 1777 2815 et
1797 2765 1856 2814 in
1873 2765 1967 2815 hac
1987 2782 2041 2815 re
2060 2782 2175 2815 cum
2190 2766 2520 2816 Pnlscilliani
2530 2767 2804 2816 canonibus
2821 2767 2880 2815 in
2900 2768 3139 2831 epistulas
3153 2769 3410 2819 Paulinas
3429 2768 3718 2834 comparari

1031 2843 1214 2898 debent.
1242 2854 1246 2858 ⁴
1287 2845 1423 2909 Opus
1450 2843 1587 2894 enim
1616 2848 1740 2892 stunt
1765 2844 2065 2894 Donatistae
2093 2843 2356 2893 cuiusdam
2389 2845 2486 2909 qui
2516 2845 2574 2894 in
2599 2845 2810 2895 Actibus
2841 2845 3072 2895 sectiones
3103 2846 3368 2896 adnotauit
3397 2847 3716 2911 opinionibus

1027 2928 1179 2971 sectae
1209 2937 1329 2973 suae
1350 2921 1736 2987 propugnandis
1768 2920 1932 2973 utiles.
2006 2922 2169 2972 Cuius
2200 2920 2279 2971 rei
2304 2924 2529 2987 exempla
2556 2930 2678 2973 sunt
2697 2923 2967 2988 praecipue
2996 2931 3099 2988 cap.
3121 2936 3289 2974 xum
3313 2925 3394 2975 De
3424 2925 3715 2976 auctoritate

1031 2999 1237 3064 publiea
1262 2999 1397 3065 quod
1420 3000 1566 3050 rebus
1588 2998 1771 3049 diuinis
1792 3014 2064 3066 numquam
2085 3015 2138 3050 se
2158 3000 2508 3066 interposuerit
2530 3007 2578 3050 et
2599 3011 2714 3049 XLV
2737 3003 2817 3051 De
2837 3001 3129 3052 auctoritate
3142 3001 3422 3068 baptizandi
3442 3003 3614 3065 (Met.)
3633 3005 3722 3052 uel

1028 3077 1362 3142 rebaptizandi
1397 3075 1479 3142 (M
1516 3074 1741 3140 Bamb.).
1828 3077 2089 3141 Primum,
2133 3093 2196 3128 ex
2234 3094 2331 3144 quo
2373 3084 2581 3143 apparet
2629 3078 2909 3129 Gallionem
2940 3085 3037 3142 pro
3072 3080 3257 3130 doctore
3305 3079 3715 3131 Christianorum

1029 3170 1064 3203 a
1095 3155 1389 3206 Donatistis
1423 3154 1673 3220 habitum,
1707 3155 1836 3205 docet
1865 3156 2087 3220 capitula
2109 3164 2224 3222 post
2255 3171 2456 3206 annum
2491 3164 2585 3219 347
2618 3156 2894 3221 composita,
2920 3172 3017 3222 quo
3046 3172 3183 3207 anno
3214 3159 3451 3208 Donatus
3487 3159 3714 3222 Magnus

1031 3248 1194 3284 uocem
1219 3233 1365 3284 illam
1405 3233 1721 3284 notissimam
1752 3232 1921 3283 ernzsz‘t
1952 3237 1968 3263 ‘
1988 3234 2132 3299 Quid
2157 3240 2231 3286 est
2262 3234 2557 3300 imperatori
2586 3250 2700 3285 cum
2732 3234 2928 3286 ecclesia
2942 3235 2968 3286 ἲ
2980 3232 2993 3256 ’
3060 3236 3175 3287 Mos
3204 3235 3547 3303 rebaptizandi
3579 3237 3719 3288 inter

1028 3312 1341 3362 Donatistas·
1352 3312 1619 3378 antiquior
1639 3318 1713 3362 est
1742 3319 1802 3361 ut
1822 3318 1966 3376 patet
1993 3328 2056 3363 ex
2086 3330 2297 3364 censura
2318 3314 2524 3379 prolata
2550 3330 2584 3363 a
2606 3315 2800 3377 Synaio
2821 3314 2912 3363 sub
2932 3314 3173 3364 mitiade
3192 3330 3327 3365 anno
3350 3327 3463 3378 313.
3526 3317 3714 3366 Locum

1013 3394 1195 3445 tamen
1231 3396 1459 3440 nostrum
1486 3392 1619 3456 (Act.
1643 3390 1741 3440 xix.
1767 3389 1887 3455 1-7)
1911 3390 1971 3441 de
1999 3392 2259 3457 discipulis
2281 3391 2479 3456 Ephesi
2496 3398 2613 3457 post
2643 3391 2944 3457 baptismum
2965 3393 3214 3443 Iohannis
3244 3392 3404 3443 denuo
3433 3392 3715 3460 baptizatis,

1020 3467 1146 3516 citat
1169 3469 1382 3534 Optatus
1413 3468 1763 3519 Mleuitanus
1803 3469 1904 3519 ‘De
1937 3469 2135 3519 schism.
2161 3468 2315 3520 Don?
2340 3482 2393 3522 v.
2420 3483 2467 3534 5,
2481 3471 2657 3534 potius
2687 3476 2749 3520 ut
2780 3471 3046 3521 ueritatem
3070 3471 3233 3522 doceat
3258 3486 3411 3560 quam
3438 3477 3500 3520 ut
3525 3487 3715 3522 errores

1025 3545 1260 3611 refellam
1291 3547 1618 3613 Augustinus
1651 3562 1770 3597 uero
1803 3550 2004 3596 ‘contra
2035 3548 2135 3598 litt.
2170 3549 2739 3609 PetiL·11.xxxv11.§
2770 3548 2831 3613 85
2866 3552 3002 3614 (tom.
3027 3550 3096 3598 ix.
3121 3556 3178 3615 p.
3212 3552 3327 3614 244)
3350 3550 3483 3599 circa
3514 3565 3712 3601 annum

1028 3625 1143 3688 398,
1165 3625 1291 3675 citat
1309 3630 1357 3675 et
1378 3630 1627 3689 retorquet
1646 3624 1901 3675 Petiliani
1920 3633 2222 3690 argumenta
2244 3643 2306 3677 ex
2328 3627 2416 3678 ltoc
2445 3628 2540 3678 loco
2570 3628 2674 3692 ipso
2694 3633 2894 3677 tracta·
2872 3663 2888 3687 ‚
2934 3626 2996 3690 cfi
3017 3635 3068 3677 et
3091 3628 3199 3677 ‘De
3218 3628 3367 3686 unico
3386 3628 3515 3694 bapt.
3539 3636 3713 3680 contra

1028 3702 1195 3754 Petit!
1211 3712 1313 3754 vn.
1337 3708 1362 3764 ς
1379 3718 1410 3768 9
1428 3705 1571 3770 (tom.
1588 3704 1655 3753 ix.
1664 3711 1723 3768 p.
1742 3704 1878 3769 531).
1923 3704 2016 3755 Ex
2030 3719 2127 3770 quo
2147 3704 2420 3755 conicimus
2438 3704 2556 3755 baec
2576 3705 2796 3772 capitula
2818 3706 2950 3755 circa
2953 3705 3123 3771 finem
3143 3721 3263 3757 saec.
3282 3717 3345 3756 tv
3365 3707 3579 3774 confecta
3596 3724 3710 3761 esse.

826 3774 946 3826 Huc
977 3778 1130 3829 etiam
1163 3780 1422 3831 trahimus
1458 3789 1598 3847 capp.
1634 3794 1712 3832 xx
1749 3788 1798 3833 et
1832 3793 1971 3832 xxvt
2012 3798 2139 3849 quae
2177 3782 2344 3832 docent
2377 3784 2681 3849 baptismum
2715 3799 2816 3832 non
2847 3783 2959 3833 sine
2990 3783 3321 3835 instructione
3343 3786 3567 3848 praeuia
3598 3802 3710 3836 con·

1004 3855 1285 3920 firendum
1308 3874 1419 3910 esse.
1477 3859 1773 3911 Donatistae
1792 3861 1930 3910 enim
1956 3876 2124 3910 omnes
2144 3877 2220 3910 eos
2240 3861 2335 3926 qui
2354 3861 2427 3911 ad
2439 3876 2490 3910 se
2510 3861 2871 3926 corffugiebant,
2894 3863 3046 3912 ettam
3077 3861 3310 3927 episcopos
3328 3868 3378 3911 et
3387 3863 3712 3927 presbyteros,

1021 3935 1386 3986 catechumenos
1402 3935 1663 4000 faciebant
1685 3939 1846 4002 (Aug.
1870 3939 1885 3967 ⁴
1901 3938 1983 3988 De
2003 3938 2151 3989 unt'co
2172 3938 2302 4004 bapt.
2324 3945 2498 3989 contra
2519 3938 2688 3992 Petit:
2710 3951 2790 3990 xx.
2818 3943 2845 4000 ς
2875 3953 2952 4006 ι9,
2974 3947 3091 3990 tom.
3118 3940 3184 3989 ix.
3197 3947 3255 4005 p.
3279 3938 3398 4006 536)
3419 3946 3467 3991 et
3477 3947 3702 4006 paganos

1022 4025 1072 4062 se
1092 4027 1190 4062 esse
1200 4014 1437 4079 profiteri
1453 4015 1529 4064 eis
1537 4016 1906 4080 persuadebant
1931 4016 2121 4082 (Epist.
2147 4027 2323 4081 xxxv,
2347 4023 2464 4068 tom.
2489 4016 2545 4066 ii.
2557 4024 2614 4081 p.
2637 4015 2742 4079 66).

828 4086 1028 4139 Deinde
1048 4090 1183 4155 quod
1196 4090 1392 4141 dicitur
1408 4100 1513 4158 cap.
1529 4105 1626 4143 xm
1670 4094 1751 4145 De
1772 4093 2033 4145 calumniis
2053 4109 2178 4160 quas
2198 4095 2395 4155 sanetis,
2412 4095 2651 4146 societate
2670 4095 2955 4161 forensium,
2971 4096 3199 4147 doctores
3218 4110 3413 4162 semper
3434 4096 3694 4148 falsissimi

1022 4167 1370 4220 machinantur
1396 4187 1459 4222 ex
1476 4176 1628 4236 parte
1649 4172 2044 4223 Donatistarum
2064 4172 2325 4238 prolatum
2355 4172 2577 4235 uidetur,
2599 4188 2816 4238 quorum
2837 4173 3136 4239 Agvnistici,
3158 4175 3258 4237 uel,
3277 4180 3337 4224 ut
3363 4190 3398 4225 a
3422 4174 3691 4227 Catholisazs

1021 4246 1341 4308 uocabantur,
1371 4248 1820 4315 Circumcelliones,
1835 4257 1937 4315 per
1962 4251 2099 4301 uicos
2129 4251 2578 4301 circumcursantes
2603 4252 2777 4302 omnia
2793 4251 3163 4317 perturbabant
3196 4259 3244 4303 et
3264 4253 3281 4280 ‘
3296 4258 3468 4303 contra
3494 4253 3693 4304 decreto.

1019 4323 1249 4375 Caesaris
1264 4319 1282 4343 ’
1304 4324 1567 4391 faciebant
1578 4346 1602 4390 ,-
1650 4330 1711 4394 cy:
1754 4331 1868 4382 Act.
1909 4330 2028 4381 xvii.
2071 4340 2167 4395 5-7
2205 4346 2321 4380 cum
2363 4330 2420 4381 S.
2463 4330 2751 4396 Augustini
2792 4330 2909 4380 locis
2953 4345 2988 4380 a
3032 4330 3270 4382 Gieselero
3311 4330 3480 4380 citatis
3518 4330 3696 4381 ‘Kisa

1021 4399 1175 4455 Ech'
1199 4404 1241 4453 1.
1269 4408 1294 4464 ς
1328 4404 1409 4455 86.

838 4480 1001 4539 Porro
1027 4482 1292 4534 locutiones
1306 4484 1501 4550 aliquot
1519 4485 1798 4550 Africanas
1808 4487 1868 4536 in
1891 4487 1974 4538 liis
1993 4486 2229 4554 capitulis
2249 4488 2568 4538 obseruamus
2581 4503 2608 4548 ,·
2626 4486 2817 4551 legitur
2827 4486 2965 4536 enim
2986 4486 3228 4539 insecutio
3239 4492 3337 4551 pro
3346 4485 3698 4553 persecutione,

1020 4561 1246 4627 sospitas,
1269 4562 1554 4626 credulitas,
1575 4564 1784 4616 actitare
1803 4565 2045 4630 etsorsan
2061 4565 2185 4619 alia.
2250 4566 2547 4617 Notandum
2565 4566 2718 4617 etiam
2738 4571 2811 4616 est
2830 4570 3078 4615 auctorem
3084 4563 3324 4630 fabulam
3339 4564 3694 4617 Simonianam

1018 4639 1296 4704 cognouisse
1321 4640 1379 4705 (c.
1399 4640 1595 4705 xvm),
1617 4648 1665 4694 et
1683 4648 1825 4693 textu
1850 4644 2166 4696 ‘occidentali
2178 4644 2192 4665 ’
2215 4659 2366 4694 usum
2388 4660 2484 4696 esse
2510 4645 2570 4710 (c.
2593 4656 2772 4695 xxx1v
2793 4660 2807 4706 ς
2841 4644 2957 4696 uide
2971 4645 3046 4695 ad
3060 4646 3172 4695 Act.
3195 4643 3290 4694 xiv.
3318 4645 3389 4710 2).
