4825 6525
1028 698 1155 764 226

952 865 1008 909 ¹⁸
1031 867 1146 952 qui
1177 886 1328 933 cum
1361 866 1949 952 interrogationem

1109 972 1195 1036 de
1225 992 1333 1036 me
1361 970 1746 1036 habuissent

1030 1073 1378 1139 uoluerunt
1411 1094 1518 1138 me
1546 1075 1886 1140 dimittere

1113 1196 1195 1243 eo
1224 1178 1405 1260 quod
1439 1178 1619 1241 nulla
1649 1199 1851 1243 causa
1880 1188 2056 1242 esset

1114 1280 1344 1346 mortis
1376 1281 1443 1344 in
1474 1302 1583 1345 me

952 1381 1005 1423 ¹⁹
1030 1383 1637 1449 contradicentibus
1664 1392 1893 1448 autem

1120 1486 1369 1551 iudaeis
1399 1495 1673 1553 coactus
1703 1508 1852 1552 sum

1114 1588 1457 1673 appellare
1482 1610 1816 1655 caesarem

1029 1713 1160 1757 non
1189 1692 1378 1775 quasi
1409 1703 1675 1774 gentem
1709 1714 1926 1760 meam

1116 1797 1370 1861 habens
1400 1797 1652 1879 aliquid
1685 1818 1996 1864 accusare

950 1898 1006 1940 ²⁰
1027 1909 1298 1985 propter
1324 1901 1494 1965 hanc
1527 1901 1727 1983 igitur
1755 1922 2028 1966 causam

1116 2004 1350 2087 rogaui
1381 2025 1504 2069 uos
1534 2005 1759 2068 uidere
1788 2015 1857 2069 et
1885 2005 2136 2089 alloqui

1030 2118 1304 2191 propter
1332 2127 1520 2190 spem
1552 2108 1731 2171 enim
1763 2107 2002 2172 israhel

1116 2220 1348 2276 catena
1378 2210 1502 2275 hac
1532 2211 1978 2276 circumdatus
2009 2232 2157 2275 sum

1019 2392 1156 2443 limis
1188 2392 1252 2456 T,
1289 2391 1589 2442 ierosolimis
1622 2392 1720 2451 W;
1754 2391 2076 2443 hierosolima
2091 2393 2200 2458 gig.
2266 2392 2424 2442 mani·

1019 2471 1114 2521 bus
1135 2469 1199 2520 T.

1090 2548 1165 2597 18.
1201 2562 1332 2597 enm
1356 2546 1533 2612 (quum
1555 2546 1626 2611 Θ)
1653 2550 2160 2606 interrogationem
2185 2547 2427 2613 (·cionem

1019 2625 1126 2692 RS)
1155 2629 1226 2675 de
1248 2641 1339 2676 me
1369 2628 1707 2676 habuissent
1729 2647 1775 2668 ι-
1802 2623 2143 2689 ἀνακρίναντές
2164 2643 2254 2685 μετ
2288 2632 2427 2691 post-

1020 2720 1171 2769 quam
1194 2719 1276 2754 me
1296 2703 1723 2768 interrogauerunt
1735 2704 1844 2769 gig.
1867 2719 1906 2755 s.
1997 2703 2235 2754 uolebant
2249 2704 2356 2768 gig.
2378 2719 2424 2754 s.

1018 2798 1111 2833 me
1134 2798 1222 2832 sec.
1239 2781 1368 2834 codd.
1382 2788 1430 2832 et
1446 2797 1525 2847 vg.
1543 2798 1659 2832 cum
1673 2798 1755 2847 gr.
1775 2781 1849 2832 δὲ*
1870 2791 1962 2848 177
1982 2799 1996 2835 2
2031 2798 2128 2832 om.
2140 2782 2248 2847 gig.
2265 2798 2291 2832 s
2310 2797 2425 2831 cum

1012 2876 1097 2925 gr.
1120 2859 1229 2911 rell.
1328 2859 1585 2911 demittere
1607 2860 1707 2911 OS.
1776 2860 1969 2910 nullam
1991 2877 2028 2912 s.
2128 2875 2327 2911 eausa:
2362 2875 2428 2910 au

1021 2938 1081 2988 in
1116 2953 1217 2987 ras.
1252 2938 1336 2998 03
1368 2954 1540 2989 caussa
1572 2939 1655 2998 D;
1688 2954 1893 2989 causam
1925 2955 1967 2990 s.
2044 2946 2245 2995 >esset
2279 2954 2427 2989 causa

1020 3015 1089 3063 W
1122 3030 1200 3079 vg.
1286 3023 1342 3073 >
1367 3016 1543 3065 mortis
1575 3023 1700 3066 esset
1735 3015 1921 3080 (essaet
1956 3015 2025 3080 R)
2060 3016 2242 3065 DOR*
2279 3014 2424 3080 (corr.

1018 3092 1110 3158 R1)
1145 3094 1251 3158 gzgr.
1278 3100 1322 3158 p
1358 3109 1383 3142 s
1418 3094 1616 3154 Bentl.;
1659 3108 1742 3157 gr.
1785 3092 1865 3143 διὰ
1897 3091 1958 3143 τὸ
1993 3091 2230 3158 μηδεμίαν
2266 3091 2427 3142 αἰτίαν

1020 3169 1232 3222 θανάτου
1253 3168 1485 3234 ὑπάρχειν
1507 3171 1561 3220 ἐν
1584 3169 1704 3231 ἐμοί.

1093 3264 1171 3315 19.
1203 3267 1298 3301 om.
1345 3255 1536 3300 autom
1580 3249 1631 3300 S.
1720 3250 1883 3301 iudeis
1925 3250 2209 3301 DGORW.
2302 3265 2425 3315 quo·

1020 3330 1198 3381 hactus
1219 3329 1344 3386 CR:
1379 3328 1650 3393 conpulsus
1670 3345 1709 3379 s.
1800 3344 2017 3380 cesarem
2039 3328 2159 3391 SW,
2184 3343 2424 3379 cessarem

1021 3408 1088 3458 D.
1167 3414 1222 3463 >
1246 3422 1371 3457 caes.
1398 3407 1583 3472 appell.
1604 3408 1670 3459 O.
1739 3411 1932 3466 quasi:
1968 3414 2225 3472 tamquam
2240 3407 2347 3470 ετξ.
2368 3421 2425 3467 ,ςς

1034 3500 1073 3538 -i-
1104 3486 1154 3534 iu
1190 3486 1257 3536 D.
1345 3483 1578 3534 haberem
1612 3484 1695 3546 K3
1729 3485 1939 3535 habeam
1965 3485 2073 3549 ξιξ.
2161 3497 2425 3535 muare

1023 3566 1134 3629 (acc
1167 3565 1225 3613 in
1256 3579 1354 3613 ras.
1381 3562 1443 3624 U,
1467 3578 1724 3614 accussare
1746 3564 1818 3627 D)
1840 3580 1854 3614 ε
1902 3577 1940 3614 -ι-
1971 3564 2057 3613 sed
2085 3569 2139 3612 ut
2166 3563 2425 3612 liberarem

1021 3641 1242 3691 animam
1285 3656 1448 3691 meam
1492 3641 1557 3690 de
1602 3650 1762 3691 morte
1810 3641 1896 3706 (>
1926 3657 2005 3690 ans
2052 3656 2148 3692 me.
2193 3641 2257 3692 dc
2297 3656 2420 3690 mor.

1020 3719 1279 3770 liberarem
1303 3726 1359 3784 p,
1400 3726 1458 3776 >
1483 3736 1564 3769 an.
1600 3736 1692 3770 me.
1727 3736 1760 3770 a
1791 3736 1914 3771 mor.
1950 3720 2211 3771 liberarem
2237 3719 2365 3784 gig.)
2401 3734 2426 3768 c

1014 3799 1119 3863 gig.
1146 3807 1185 3863 p
1205 3800 1328 3848 Par.
1367 3799 1458 3848 lat.
1494 3812 1606 3863 341.
1636 3812 1749 3861 342.
1786 3811 1880 3862 343
1914 3798 2028 3862 tepl.
2066 3798 2185 3863 (den
2218 3799 2310 3847 das
2341 3797 2425 3846 ich

1022 3877 1154 3927 mein
1186 3876 1256 3926 sel
1289 3875 1376 3926 der
1408 3876 1491 3926 los
1520 3892 1619 3927 von
1653 3877 1767 3927 dem
1797 3877 1911 3943 tod)
1946 3892 2060 3927 cum
2086 3891 2169 3940 gr.
2208 3887 2299 3939 137
2335 3878 2427 3927 εκ*

1020 3970 1121 4017 syr.
1144 3955 1301 4005 harcl.
1329 3954 1534 4020 (carust).

1092 4046 1167 4084 2ο.
1200 4034 1366 4098 ygitur
1388 4034 1430 4084 C
1449 4051 1464 4097 ς
1497 4050 1616 4098 ergo
1633 4033 1738 4098 gig.
1765 4033 1852 4098 (>
1873 4048 1979 4083 cau.
2002 4032 2146 4097 ergo)
2169 4049 2211 4082 s.
2276 4046 2426 4082 causa

1022 4112 1083 4174 1;
1115 4127 1339 4161 caussam
1364 4113 1431 4162 D.
1514 4113 1691 4176 rogoui
1715 4112 1798 4161 S*.
1883 4111 2043 4160 uideri
2066 4110 2128 4160 Ο.
2206 4112 2425 4168 alloqui

1020 4190 1150 4240 codd.
1174 4189 1319 4255 plur.
1353 4195 1401 4239 et
1427 4204 1505 4254 vg.
1540 4196 1589 4240 et
1608 4189 1670 4255 ῤ’
1704 4191 1788 4255 (cf
1824 4206 1902 4239 xx.
1933 4202 2010 4251 11,
2044 4188 2142 4237 xxi.
2176 4190 2286 4251 40),
2320 4188 2423 4237 adl.

1020 4267 1318 4318 ACFGol:
1352 4268 1617 4333 adloquere
1628 4268 1698 4333 p*
1721 4286 1734 4328 ς
1767 4267 1944 4318 deinde
1960 4282 1992 4317 4-
2009 4283 2104 4317 uos
2114 4274 2173 4331 p.
2241 4271 2426 4316 enim:

1020 4355 1187 4396 autem
1214 4353 1271 4411 p.
1338 4346 1484 4396 israel
1519 4363 1617 4412 vg„
1652 4346 1814 4397 srahel
1854 4346 1915 4407 C,
1952 4345 2077 4395 hisi-l
2114 4345 2182 4406 D,
2224 4343 2298 4393 im
2341 4344 2424 4405 G;

1020 4424 1128 4474 isrii
1141 4429 1228 4488 μ.
1336 4431 1540 4475 eatena
1561 4428 1723 4488 (·nam
1747 4426 1824 4476 10
1851 4424 2042 4487 Bentl.)
2067 4426 2175 4474 hae
2202 4422 2352 4487 (hanc
2376 4423 2424 4472 Ο

1020 4502 1215 4567 Bentl.)
1249 4507 1628 4555 circumdatus
1655 4503 1892 4569 (circund.
1915 4502 2043 4567 ςᾞ)
2070 4517 2196 4552 sum
2223 4501 2355 4552 codd.
2376 4508 2427 4551 ct

1019 4595 1100 4646 vg.
1127 4589 1175 4631 et
1190 4581 1280 4645 p':
1316 4581 1445 4632 hanc
1476 4590 1703 4633 catenam
1728 4585 1813 4645 (>
1834 4581 1966 4632 cath.
1995 4582 2124 4632 hanc
2143 4579 2188 4647 s)
2215 4581 2425 4631 circum·

1020 4659 1127 4710 fero
1154 4659 1323 4725 (porto
1344 4676 1400 4722 s;
1448 4673 1485 4712 4·
1511 4660 1594 4711 hic
1612 4660 1742 4725 ξιξ.)
1761 4662 1865 4725 gig.
1877 4667 1921 4725 p
1946 4676 2001 4717 s;
2028 4676 2110 4724 gr.
2135 4660 2228 4721 τὴν
2248 4658 2425 4709 ἅλυσιν

1018 4736 1208 4800 ταύτην
1228 4737 1507 4803 περίκειμαι.

1091 4830 1168 4869 21.
1204 4823 1266 4867 at
1291 4816 1379 4883 (ad
1403 4818 1547 4883 CIO)
1572 4821 1660 4868 illi
1681 4834 1694 4866 ε
1728 4818 1814 4884 qui
1834 4824 1891 4882 p.
1958 4833 2053 4868 ont.
2077 4821 2151 4866 ad
2171 4833 2300 4868 eum
2314 4817 2423 4881 gig.

1027 4902 1083 4952 >
1105 4895 1169 4944 ad
1192 4910 1306 4945 eum
1329 4896 1555 4946 dixerunt
1575 4913 1600 4945 s
1624 4894 1839 4961 (Bentl.)
1866 4911 1979 4946 cum
1995 4911 2076 4959 gr.
2185 4896 2351 4945 literas
2374 4896 2424 4946 U

1024 4972 1210 5038 Wffl.
1234 4964 1427 5024 lifteras
1451 4976 1517 5025 D.
1598 4974 1872 5041 accipimus
1899 4975 2115 5026 B*DG*.
2199 4977 2269 5023 de
2296 4972 2427 5038 (περί

1010 5051 1179 5116 plur.)
1186 5059 1299 5116 pn:
1323 5051 1583 5102 aduersum
1597 5052 1690 5102 CT
1696 5060 1739 5116 p
1752 5060 1836 5102 set
1849 5069 1973 5100 κατα
1987 5053 2045 5104 8.
2089 5052 2233 5103 iudea
2246 5052 2423 5113 DOR;

1021 5129 1211 5180 iudaeis
1232 5129 1297 5192 C,
1319 5130 1478 5180 iudeis
1500 5130 1615 5179 TW
1630 5131 1739 5193 gig.
1762 5146 1865 5181 non
1881 5147 2043 5195 graec.
2143 5145 2326 5188 aucep.
2350 5134 2422 5181 de

1021 5211 1081 5256 te
1104 5221 1139 5256 a
1159 5210 1275 5259 iud.
1300 5207 1386 5258 hoc
1406 5208 1580 5259 ordine
1601 5207 1731 5257 codd.
1754 5215 1803 5258 et
1822 5224 1900 5272 vg.
1927 5224 2040 5258 cum
2056 5224 2139 5273 gr.
2164 5204 2321 5258 ΛΡΜ(ι
2346 5224 2419 5272 13·

1027 5295 1136 5345 103.
1177 5299 1303 5350 105:
1344 5293 1399 5342 >
1420 5287 1534 5336 adu.
1562 5294 1614 5336 te
1647 5301 1751 5337 acc.
1785 5304 1817 5337 a
1846 5285 1948 5336 iud.
1963 5293 2006 5350 p
2036 5303 2062 5336 s
2087 5302 2202 5337 cum
2232 5287 2423 5337 NBHL

1025 5373 1106 5423 31.
1127 5360 1186 5410 61
1210 5364 1277 5412 al.
1291 5365 1443 5428 pler„
1464 5371 1520 5421 >
1540 5365 1603 5416 de
1626 5372 1676 5414 te
1696 5380 1729 5414 a
1749 5364 1909 5415 iudeis
1931 5381 2033 5416 acc.
2049 5367 2156 5430 gig.
2221 5367 2422 5417 ueniens

1022 5453 1061 5490 s.
1129 5442 1372 5498 aliquia:
1403 5443 1665 5509 quisquam
1689 5446 1798 5507 gig.
1835 5460 1860 5495 s
1874 5461 1893 5508 ;
1944 5445 2062 5496 ÷ab
2092 5444 2421 5496 hierosolimis

1970 700 2023 758 A
2039 697 2273 764 CTUS
2312 696 2729 761 APOSTOL
2742 695 3024 760 ORUM.

3535 692 3808 786 [xxvm.
3842 710 4033 773 18—23.

2585 866 2644 907 ²¹
2688 877 2761 934 at
2789 867 2884 932 illi
2914 868 3229 933 dixerunt
3256 867 3344 932 ad
3376 887 3529 933 eum

2641 992 2763 1036 nos
2798 993 3014 1056 neque
3049 972 3306 1037 litteras
3337 971 3718 1056 accepimus
3754 972 3840 1036 de
3881 981 3950 1036 te
3993 992 4033 1038 a

2723 1076 2963 1141 iudaea

2638 1200 2851 1263 neque
2880 1179 3239 1245 adueniens
3267 1178 3504 1263 aliquis

2720 1282 2998 1347 fratrum
3030 1284 3360 1348 nuntiauit

2721 1395 2838 1452 aut
2867 1387 3127 1452 locutus
3156 1397 3259 1453 est
3286 1385 3446 1471 quid

2727 1490 2814 1555 de
2841 1501 2910 1555 te
2942 1491 3193 1556 malum

2560 1590 2614 1631 ²²
2636 1614 2948 1677 rogamus
2977 1603 3202 1659 autem
3231 1614 3274 1659 a
3303 1604 3372 1659 te
3400 1594 3660 1659 audire·

2720 1717 2893 1780 quae
2922 1697 3129 1763 sentis

2640 1821 2792 1865 nam
2824 1801 2909 1866 de
2940 1811 3123 1867 secta
3150 1799 3276 1866 hac
3312 1809 3549 1866 notum
3582 1809 3686 1865 est

2723 1905 2915 1970 nobis
2946 1904 3105 1988 quia
3141 1904 3386 1988 ubique
3414 1906 3476 1970 ei

2721 2008 3206 2073 contradicitur.

2558 2108 2609 2150 ²⁸
2636 2110 2806 2177 Cum
2840 2112 3338 2177 constituissent
3365 2121 3588 2176 autem

2720 2212 2812 2276 illi
2845 2212 3022 2277 diem

2622 2392 2729 2457 gig.
2805 2396 3099 2443 nuntiauit
3150 2393 3282 2444 codd.
3325 2393 3470 2458 plur.
3526 2393 3681 2456 (nont.
3736 2393 3837 2455 (3⁴¹,
3887 2409 4030 2444 nunc.

2633 2468 2878 2534 RWSQE)
2910 2478 2958 2521 ct
2984 2487 3097 2536 vg:
3130 2461 3446 2522 adnuntiauit‘
3465 2473 3515 2522 A
3534 2478 3577 2536 p
3607 2472 3804 2533 Tisch.;
3836 2487 3928 2522 om.
3965 2471 4030 2530 S;

2623 2563 2704 2613 gr.
2729 2547 3044 2612 ἀπήγγειλεν.
3129 2549 3362 2614 loquutus
3383 2551 3447 2602 Θ.
3524 2565 3619 2600 om.
3644 2554 3731 2599 eat
3753 2550 3821 2599 D.
3889 2552 4031 2607 quid

2632 2626 2727 2691 (τι)
2752 2627 3279 2677 ABCFGIKRTVW
3293 2643 3373 2692 vg.
3399 2644 3424 2677 c
3442 2628 3567 2678 dem.
3588 2645 3602 2678 :
3636 2627 3826 2691 aliquid
3845 2627 4027 2678 DoSU

2629 2718 2686 2765 ες
2718 2719 2811 2754 om.
2848 2705 2895 2755 Ο
2919 2706 3025 2770 gig.
3048 2712 3107 2770 p.
3176 2704 3296 2754 mali
3330 2720 3383 2763 c;
3420 2706 3552 2755 male
3575 2705 3682 2770 gig.
3715 2721 3755 2755 s.
3791 2707 3877 2754 Ita
3908 2705 4032 2753 citat

2630 2797 2834 2831 uersum
2868 2783 3084 2834 Hieron.
3127 2781 3239 2848 (vii.
3276 2784 3393 2848 737)
3434 2800 3527 2833 nos
3562 2786 3696 2833 enim
3733 2798 3824 2833 nec
3861 2782 4031 2832 literas

2629 2876 2661 2909 a
2699 2867 2748 2909 te
2788 2861 3070 2928 accepimus
3110 2862 3174 2911 de
3216 2861 3396 2911 iudaea
3433 2877 3525 2912 nec
3567 2862 3769 2911 ueniens
3812 2861 3922 2924 quis
3966 2861 4030 2910 de

2627 2938 2860 2988 fratribus
2881 2940 3191 2989 annuntiauit
3216 2940 3361 2990 nobis
3381 2947 3469 2991 aut
3490 2940 3725 3006 loquutus
3753 2947 3828 2989 est
3850 2939 4029 3004 aliquis

2632 3016 2694 3066 de
2715 3024 2764 3066 te
2786 3017 2836 3065 in
2860 3016 3067 3066 malum.

2701 3109 2779 3145 22.
2811 3109 3073 3153 rogamus
3119 3092 3420 3159 (ἀειοῦμεν)ι
3475 3094 3784 3159 postulamus
3818 3095 3925 3160 gig.
3971 3111 3997 3143 s
4011 3111 4025 3154 3

2629 3174 2846 3236 petimus
2856 3179 2900 3237 p
2923 3173 3136 3222 Hieron.
3168 3172 3271 3237 (vii.
3298 3171 3435 3236 737).
3528 3187 3566 3220 a.
3586 3171 3756 3238 (παρά)
3782 3189 3795 3221 ε
3827 3188 3923 3221 om.
3948 3172 4025 3231 03

2629 3249 2693 3300 de
2717 3250 2824 3314 ετξ.
2848 3257 2891 3315 p
2921 3256 2970 3300 et
2999 3249 3107 3313 περί
3139 3251 3213 3300 Η.
3277 3252 3474 3299 audire
3506 3266 3605 3301 om.
3639 3251 3705 3300 D.
3777 3256 3832 3306 >
3859 3250 4031 3300 audire

2629 3344 2661 3377 a
2699 3334 2748 3378 te
2786 3327 2813 3377 1
2853 3343 2966 3377 cum
2998 3344 3082 3391 gr.
3123 3328 3214 3378 &L
3246 3329 3394 3387 min„
3427 3327 3488 3393 ff.
3523 3337 3578 3379 ut
3616 3328 3876 3378 audiamus
3909 3344 3939 3377 a
3978 3336 4028 3378 te

2629 3405 2842 3455 Hieron.
2909 3420 3054 3459 quae
3083 3408 3163 3468 (ae
3192 3407 3251 3455 in
3280 3421 3383 3455 ras.
3408 3405 3473 3465 Θ,
3506 3420 3603 3470 que
3635 3404 3792 3470 1W)z
3825 3405 3943 3471 quid
3972 3407 4024 3454 D

2629 3483 2842 3533 Hieron.
2908 3484 3090 3533 saentis
3134 3484 3213 3543 03
3263 3482 3445 3533 sentias
3486 3484 3700 3534 Hieron.
3777 3497 3910 3532 nam
3955 3486 4026 3531 de

2630 3567 2785 3611 aeota
2818 3562 2942 3625 (ras.
2977 3562 3138 3611 unius
3168 3562 3245 3612 lit.
3281 3562 3355 3625 A)
3392 3564 3528 3611 hac:
3580 3568 3635 3617 >
3653 3561 3717 3610 de
3754 3561 3851 3611 hac
3892 3564 4027 3611 enim

2629 3646 2762 3688 secta
2782 3647 2841 3704 p,
2865 3639 2930 3690 de
2954 3640 3050 3690 hac
3078 3640 3213 3689 enim
3244 3640 3402 3689 heresi
3425 3640 3556 3704 gig„
3586 3638 3649 3687 de
3675 3639 3874 3689 haerese
3907 3655 4024 3689 nam

2629 3716 2724 3767 hac
2744 3733 2783 3773 s,
2805 3716 2868 3767 de
2881 3718 3039 3768 heresi
3060 3717 3192 3767 enim
3209 3717 3303 3767 ista
3319 3716 3535 3768 Hieron.
3556 3733 3569 3776 ;
3594 3731 3678 3780 gr.
3697 3715 3798 3780 περὶ
3819 3714 3911 3777 μὲν
3932 3715 4027 3779 γὰρ

2629 3794 2717 3856 τῆς
2755 3794 2984 3858 αἱρέσεως
3020 3793 3215 3859 ταύτης.
3280 3800 3484 3844 notum
3526 3800 3613 3844 est
3652 3799 3821 3844 nobis
3860 3811 4024 3844 omnes

2629 3888 2742 3921 cum
2769 3888 2852 3935 gr.
2889 3874 3029 3922 HLP
3060 3875 3127 3923 al.
3152 3874 3319 3939 plen:
3374 3878 3429 3929 >
3458 3889 3538 3935 γν.
3568 3873 3684 3935 ἡμῖν
3717 3872 3854 3922 ἐστίν
3887 3872 4025 3921 &AB

2632 3951 2763 3999 min.
2818 3954 2978 4009 quia:
3001 3954 3236 4017 quoniam
3257 3968 3298 4001 s.
3352 3950 3569 4015 hubique
3586 3951 3648 4002 C.
3700 3966 3794 4001 om.
3814 3954 3870 4000 ei
3887 3950 3936 3998 K
3951 3949 4022 4014 p*

2628 4043 2653 4075 s
2675 4029 2845 4079 Bentl.
2861 4045 2973 4077 cum
2989 4044 3178 4092 graeco.
3236 4031 3645 4078 contradicitur
3671 4028 3770 4093 (tra
3790 4034 3898 4092 sup.
3922 4028 4017 4078 lin.

2632 4105 2735 4170 G):
2771 4107 3133 4157 contradicetur
3154 4108 3244 4170 D;
3278 4106 3612 4157 contradicere
3634 4106 3699 4169 S;
3738 4105 4018 4163 >contrad.

2630 4183 2677 4233 ei
2691 4186 2827 4249 gzgm
2861 4185 3036 4235 deinde
3051 4198 3088 4237 ÷
3101 4186 3154 4235 in
3175 4193 3284 4235 toto
3307 4184 3426 4235 orbe
3440 4186 3544 4248 giga
3558 4191 3614 4248 p.

2699 4280 2778 4328 23.
2811 4283 2940 4317 oum
2965 4269 3139 4333 (quum
3163 4268 3233 4331 Θ)
3262 4272 3695 4319 constituissent
3724 4267 4025 4331 (statuissent

2630 4343 2704 4407 D>
2743 4352 2936 4394 autem
2975 4344 3088 4408 (om.
3132 4344 3296 4409 G*S*)
3326 4369 3372 4387 -
3399 4344 3651 4408 ταξάμενοι
3688 4343 3769 4397 ab:
3820 4353 3871 4396 et
3911 4361 4023 4395 cum

2631 4424 2808 4487 (quum
2837 4424 2953 4487 CT)
2986 4431 3143 4475 const.
3177 4425 3270 4475 CT
3294 4425 3420 4489 giga,
3443 4432 3492 4474 et
3515 4440 3630 4474 cum
3661 4425 3939 4475 statuissent
3967 4440 4020 4480 ες

2628 4501 2983 4553 constituentes
3021 4511 3188 4553 autem
3214 4510 3274 4567 p.
3339 4505 3463 4553 illi:
3498 4503 3544 4552 ei
3576 4502 3680 4567 3²25.
3770 4503 4023 4552 uenierunt

2631 4580 2716 4637 D;
2764 4593 2803 4632 4-
2832 4596 2952 4645 ergo
2984 4580 3148 4631 iudaei
3182 4581 3395 4631 Hieron.
3431 4581 3535 4646 (vii.
3572 4581 3710 4645 385).
3789 4584 3863 4629 ad
3894 4594 4024 4629 eum

2631 4655 2800 4720 (illum
2831 4658 2911 4719 c):
2948 4674 3042 4708 om.
3063 4667 3107 4724 p
3137 4659 3353 4709 Hieron.
3418 4663 3485 4707 in
3515 4658 3604 4723 (ad
3633 4660 3681 4724 I)
3712 4661 4025 4716 hospitium

2629 4736 2811 4799 (·cium
2852 4736 3015 4796 KMS,
3058 4738 3152 4787 -tio
3191 4737 3254 4798 Ο,
3296 4737 3532 4802 ospitium
3572 4738 3635 4799 T,
3670 4738 3913 4802 ospicium
3953 4736 4022 4797 R)

2627 4817 2823 4871 plures
2870 4814 3093 4879 (plurimi
3137 4815 3394 4875 Mwffmn
3442 4815 3588 4864 multi
3626 4814 3863 4880 Hieron.)
3890 4836 3936 4856 ε
3960 4815 4026 4863 εἷς

2628 4891 2721 4954 τὴν
2739 4892 2900 4955 ξενίαν
2921 4891 3166 4943 fatiores:
3208 4899 3265 4952 >
3284 4893 3485 4958 plurimi
3508 4893 3574 4942 ad
3591 4908 3704 4942 eum
3726 4892 3778 4942 in
3799 4892 4028 4958 hospicio

2618 4971 2748 5034 gig„
2793 4977 2848 5026 >
2874 4970 3077 5037 plurimi
3115 4971 3181 5020 ad
3224 4970 3319 5021 hos
3363 4972 3500 5036 pauli
3538 4970 3604 5034 p*
3649 4971 3796 5030 (corr.
3842 4971 3912 5036 pl.
3958 4971 4022 5020 ad

2627 5048 2910 5114 hospicium
2944 5049 3109 5113 plures
3130 5049 3211 5114 ῤ’,
3237 5050 3412 5099 deinde
3443 5050 3602 5099 erasit
3633 5049 3853 5113 plures);
3903 5064 3938 5100 4-
3971 5058 4026 5099 ut

2615 5126 2689 5192 p*
2725 5127 2816 5177 sed
2843 5134 3072 5192 expunct.
3139 5131 3486 5179 testificans:
3535 5129 3785 5177 obtestans
3812 5134 3872 5191 p,
3909 5144 4026 5178 con·

2628 5213 2815 5257 testans
2850 5207 3095 5268 Hieron.;
3148 5222 3187 5260 4·
3216 5207 3289 5257 cis
3326 5207 3540 5257 Hieron.
3581 5204 3689 5269 (eos
3726 5205 3856 5256 codd.
3903 5206 4023 5271 duo)

2627 5301 2741 5337 cum
2773 5302 2857 5349 gr.
2893 5285 2937 5333 L
2980 5287 3059 5335 18.
3139 5286 3204 5337 de
3240 5300 3396 5349 regno
3432 5284 3647 5334 Hieron.
3693 5281 3846 5347 (codd.
3887 5284 4024 5345 duo).

2627 5363 2964 5427 suadebatque
2993 5364 3086 5414 CT
3109 5366 3215 5427 8²2?-
3250 5381 3291 5426 s,
3324 5370 3374 5413 et
3406 5362 3644 5414 suadebat
3664 5369 3721 5426 p.
3788 5377 3886 5412 eoa
3920 5362 4022 5411 AD

2630 5441 2804 5492 Golo
2839 5443 2944 5505 ξιξ.
2985 5449 3027 5506 p
3072 5443 3257 5504 Bentl„
3305 5441 3422 5493 illos
3465 5458 3504 5506 s,
3550 5440 3611 5506 ‘f
3657 5440 3879 5493 Rocnsch
3919 5444 3934 5470 ‘
3950 5442 4019 5489 It.
