4825 6525
1046 695 1127 749 1'0

1046 1173 1153 1234 XI.
1181 1173 1301 1235 Ubi
1319 1174 1540 1235 dimissi
1558 1187 1755 1255 petrus
1772 1186 1830 1236 et
1846 1175 2052 1236 iohan-

1126 1288 1233 1329 nes
1272 1281 1558 1330 uenerunt
1595 1269 1672 1330 ad
1709 1288 1849 1331 suos
1887 1271 2050 1332 dixe-

1125 1375 1257 1422 runt
1288 1364 1372 1424 eis
1400 1374 1617 1440 quanta
1650 1364 1727 1424 ad
1760 1382 1866 1425 eos
1893 1365 2049 1441 prin-

1127 1457 1286 1534 cipes
1308 1457 1675 1518 sacerdotum
1704 1470 1763 1519 et
1791 1459 2049 1519 seniores

1126 1551 1422 1611 dixissent.

1042 1734 1181 1795 XII.
1224 1735 1345 1796 Ubi
1420 1735 1733 1797 multitudo
1799 1737 2048 1798 creden-

1122 1832 1270 1890 tium
1307 1840 1431 1891 erat
1469 1849 1572 1891 cor
1600 1841 1658 1890 et
1695 1831 1893 1891 anima
1929 1850 2048 1893 una

1123 1935 1181 1984 et
1235 1937 1400 1985 erint
1454 1925 1567 1985 illis
1622 1926 1823 1986 omnia
1877 1945 2044 1987 com-

1124 2020 1343 2078 munia.

1036 2570 1210 2631 XIII.
1252 2571 1372 2632 Ubi
1409 2572 1698 2632 annanias
1725 2582 1785 2633 et
1813 2571 2046 2651 saphira

1116 2664 1536 2726 fraudauerunt
1563 2665 1636 2726 de
1664 2666 1854 2744 pretio
1880 2666 2044 2745 quod

1120 2760 1503 2821 uendiderant
1531 2772 1589 2821 et
1617 2761 1830 2822 mortui
1860 2776 2014 2822 sunt.

1040 3030 1245 3091 XIIII.
1288 3032 1404 3093 Ubi
1434 3051 1538 3112 per
1565 3051 1775 3093 manus
1803 3043 2042 3112 aposto-

1117 3125 1311 3185 lorum
1355 3127 1571 3188 fiebant
1611 3128 1779 3205 signa
1817 3138 1877 3188 et
1908 3147 2040 3206 pro-

1120 3220 1280 3300 digia
1306 3220 1488 3283 multa
1514 3224 1575 3283 in
1604 3223 1790 3301 plebe.

1036 3406 1173 3469 XV.
1216 3408 1335 3469 Ubi
1389 3429 1709 3489 exsurgens
1768 3413 2039 3491 princeps

1117 3504 1489 3565 sacerdotum
1534 3517 1590 3566 et
1632 3506 1733 3585 qui
1781 3525 1918 3568 cum
1962 3527 2035 3568 eo

1117 3590 1280 3658 erant
1321 3599 1522 3677 repleti
1562 3600 1690 3661 zelo
1724 3611 2036 3663 tenuerunt

1116 3692 1412 3770 apostolos
1445 3707 1504 3755 et
1545 3708 1864 3773 posuerunt
1905 3698 2039 3758 illos

1119 3788 1177 3846 in
1200 3789 1462 3849 custodia
1480 3791 1713 3867 publica
1732 3791 1810 3851 illi
1840 3803 2037 3853 autem

1115 3881 1305 3942 educti
1358 3885 1435 3944 ab
1481 3887 1691 3962 angelo
1739 3888 2035 3964 praedica-

1116 3978 1257 4036 bant
1288 3979 1470 4038 iesum
1501 3980 1796 4041 christum.

1031 4355 1196 4417 XVI.
1239 4358 1362 4419 Ubi
1428 4370 1827 4421 conuocantes
1888 4379 2031 4438 apo-

1112 4452 1292 4514 stolos
1324 4453 1813 4514 denuntiauerunt
1850 4456 1932 4514 eis
1960 4473 2034 4515 ne

1113 4546 1492 4625 loquerentur
1520 4547 1593 4607 de
1632 4550 1871 4608 nomine
1909 4548 2034 4608 iesu

1111 4653 1167 4701 et
1196 4641 1540 4702 dimiserunt
1565 4660 1685 4702 eos.

1092 4908 1256 4958 Notae
1276 4907 1351 4956 ad
1363 4907 1491 4956 codd.
1518 4906 1603 4956 BF
1605 4906 1707 4956 ΘΚ
1727 4913 1811 4956 etc.

1026 4976 1220 5025 omnin
1249 4973 1367 5023 Uat.
1391 4985 1561 5050 4²²¹ss
1608 5036 1622 5050 ·

1092 5038 1216 5088 XII.
1266 5051 1302 5087 -ι-
1338 5037 1655 5089 abradunt.
1680 5036 1742 5088 U.

1878 4908 1974 4956 XI.
2007 4922 2102 4957 om.
2126 4907 2406 4971 capitulum
2429 4905 2510 4967 S*,
2544 4919 2580 4955 -ι-
2615 4907 2674 4955 in
2708 4906 2813 4955 ima
2824 4914 2948 4971 pag.

1872 5054 1967 5088 om.
1990 5044 2183 5089 autem
2207 5037 2316 5088 RU.

2329 697 2436 757 CA
2447 695 2791 756 PITULA
2845 696 2962 758 IN

2164 860 2538 920 BFOKRSUc2
2592 863 2723 916 codd.
2764 865 2881 914 [λαὶ.
2912 878 3058 927 4221,
3100 869 3155 915 S.

2223 928 2399 988 Pauli,
2422 929 2477 978 S.
2507 928 2666 986 Petri,
2696 931 2840 980 Orat.
2864 931 3005 994 apul
3036 932 3087 980 Τ
3078 931 3159 980 ho·

2223 994 2443 1043 masium
2463 1010 2486 1055 ‚·
2561 994 2658 1045 cod.
2733 996 2777 1045 C
2774 996 2873 1045 orb.
2935 1009 2961 1044 2
3023 997 3168 1063 apud

2222 1059 2469 1110 Saban‘er.

2157 1175 2262 1235 XI.
2304 1175 2549 1237 Dimissi
2587 1179 2834 1257 apostoli
2876 1190 3157 1243 uenerunt

2236 1272 2313 1331 ad
2403 1290 2539 1334 suos
2628 1281 2686 1334 et
2776 1289 3154 1336 narrauerunt

2235 1367 2449 1426 omnia.

2153 1738 2290 1799 XII.
2336 1740 2724 1802 Multitudinis
2780 1753 2981 1803 autem
3028 1761 3154 1804 cre-

2233 1835 2497 1896 dentium
2539 1847 2661 1897 erat
2710 1854 2812 1897 cor
2855 1847 2915 1896 et
2956 1837 3154 1897 anima

2234 1947 2371 1989 una.

2150 2571 2320 2632 XIIL
2366 2571 2489 2633 Ubi
2524 2573 2765 2652 quidam
2797 2575 2886 2634 uir
2912 2575 3153 2636 ananias

2231 2685 2368 2728 cum
2410 2668 2600 2728 saffira
2635 2687 2818 2729 uxore
2855 2687 2961 2730 sua
2997 2668 3149 2730 frau-

2230 2761 2516 2822 dauerunt
2557 2761 2631 2823 de
2679 2763 2867 2840 pretIo
2918 2764 3043 2842 agri
3089 2775 3149 2825 et

2228 2856 2653 2934 expirauerunt.

2147 3039 2349 3099 XIIII.
2389 3040 2502 3101 Per
2528 3058 2738 3100 manus
2772 3051 2966 3102 autern
3000 3059 3145 3119 apo-

2227 3134 2510 3194 stolorum
2574 3134 2791 3196 fiebant
2858 3136 3029 3213 signa
3089 3148 3146 3198 et

2227 3229 2495 3308 prodigia
2522 3228 2703 3291 multa
2732 3230 2791 3289 in
2821 3229 3007 3308 plebe.

2144 3607 2277 3669 XV.
2320 3606 2439 3668 Ubi
2469 3609 2738 3686 princeps
2770 3609 3140 3670 sacerdotum

2222 3712 2282 3762 et
2309 3719 2518 3761 omnes
2551 3702 2652 3780 qui
2687 3721 2822 3762 cum
2855 3703 2953 3764 illo
2977 3715 3140 3764 erant

2222 3796 2544 3856 iniecerunt
2612 3814 2823 3856 manus
2878 3797 2946 3856 in·
2994 3816 3138 3876 apo-

2221 3890 2404 3950 stolos
2459 3901 2517 3950 et
2565 3901 2884 3968 posuerunt
2930 3909 3035 3952 eos
3078 3893 3138 3951 in

2220 3986 2506 4044 custodia.

2138 4353 2303 4414 XVI.
2346 4352 2467 4413 Ubi
2507 4355 2695 4414 caesis
2731 4353 3010 4431 apostolis
3052 4356 3140 4415 iu-

2219 4447 2350 4508 daei
2397 4447 2885 4509 denuntiauerunt
2932 4451 3017 4510 eis
3064 4468 3138 4511 ne

2217 4540 2592 4617 loquerentur
2619 4541 2680 4600 in
2709 4541 2947 4601 nomine
2976 4543 3116 4603 iesu.

2452 5036 2760 5087 credencintn
2793 5035 2893 5088 RS.

3715 865 3807 914 CT

3256 2572 3456 2635 v1111.
3498 2573 3592 2636 De
3619 2575 3731 2637 loci
3758 2577 4017 2638 motione
4045 2577 4107 2637 in
4133 2594 4255 2658 quo

3337 2680 3569 2730 orantes
3597 2670 3829 2731 stabant
3862 2680 3919 2731 et
3947 2671 4084 2750 quia
4112 2691 4254 2733 uen-

3334 2762 3539 2822 dentes
3593 2782 3766 2841 agros
3819 2766 4002 2843 pretia
4050 2767 4253 2826 affere-

3333 2856 3473 2915 bant
3502 2865 3559 2915 et
3588 2857 3661 2917 de
3689 2861 3903 2920 anania
3930 2872 3987 2921 et
4016 2862 4223 2921 saffira.

3246 3610 3321 3669 X.
3405 3609 3674 3688 Apostoli
3770 3612 3831 3670 in
3921 3610 4245 3672 custodiam

3325 3705 3486 3764 missi
3518 3706 3594 3764 ab
3631 3706 3842 3782 angelo
3880 3705 4245 3765 dimittuntur

3324 3809 3387 3858 ut
3423 3798 3484 3857 in
3517 3797 3738 3876 templo
3767 3797 4064 3877 predicent
4093 3817 4244 3878 quos

3326 3892 3657 3952 sacerdotes
3684 3905 4030 3970 coarguunt.

3244 4353 3351 4415 XI.
3378 4350 3579 4413 Uerba
3598 4352 3917 4430 gamalielis
3932 4350 4006 4411 de
4028 4352 4243 4413 theoda

3323 4458 3382 4505 et
3424 4445 3560 4505 iuda
3607 4445 4131 4523 pseudoprophetis
4185 4459 4243 4505 et

3324 4539 3571 4616 apostoli
3587 4539 3805 4599 dimissi
3824 4538 4084 4615 gaudent
4104 4541 4244 4619 quia

3324 4632 3443 4693 cesi
3470 4651 3576 4709 pro
3605 4632 3824 4693 christo
3851 4643 4004 4693 sunt.

3148 4908 3369 4956 dimisti
3400 4919 3436 4958 -ι-
3462 4914 3628 4958 antem
3659 4909 3773 4961 Uat.
3798 4922 3943 4972 4²²¹·
4141 4925 4239 4961 om.

3025 5052 3125 5087 cor
3141 5052 3175 5087 4-
3190 5053 3343 5088 unum
3367 5037 3402 5087 S
3422 5055 3450 5087 c
3470 5038 3601 5089 codd.
3624 5054 3657 5088 a
3694 5076 3705 5088 .
3740 5040 3932 5099 Thom„
3957 5039 4074 5091 Sab.

1092 5103 1241 5153 XIII.
1267 5107 1502 5153 ananias
1517 5103 1731 5154 fflRUc
1752 5100 1804 5152 T
1794 5103 1905 5152 hom
1936 5104 2048 5153 Sab.
2073 5123 2085 5155 :
2121 5103 2357 5153 annanias
2375 5102 2459 5151 BF
2462 5100 2617 5151 &RS
2650 5103 2764 5152 Uat.
2780 5115 2924 5164 4221.
2986 5106 3170 5154 saffira
3196 5102 3277 5152 BF
3282 5104 3431 5165 KSU,
3462 5103 3608 5153 safira
3672 5103 3801 5155 hom.
3821 5105 3933 5156 Sab.
3957 5122 3968 5154 :
4004 5103 4240 5169 sapphIra

1028 5170 1090 5225 Θ.
1111 5169 1312 5233 saphira
1335 5170 1381 5218 R
1404 5185 1443 5219 c.

1027 5236 1081 5296 S,
1104 5235 1325 5285 decimas
1352 5242 1463 5293 [om.
1491 5234 1584 5298 de)
1614 5235 1670 5283 B.

1022 5568 1225 5612 rentur
1256 5562 1374 5611 Uat.
1397 5574 1492 5621 422
1505 5577 1519 5607 2
1531 5597 1545 5611 .

1576 5184 1751 5219 uxore
1769 5182 1802 5217 ‹t-
1818 5184 2003 5218 rasura
2029 5170 2089 5220 U.

1803 5235 1982 5299 exspir.
2005 5234 2072 5295 U,
2096 5234 2245 5296 espir.
2269 5233 2333 5284 R.

1093 5299 1273 5350 XIIII.
1297 5315 1399 5357 pet
1419 5315 1619 5349 manns
1641 5306 1861 5349 autom:
1897 5300 1983 5349 nbi
2008 5314 2097 5363 per
2118 5314 2293 5348 manus
2315 5298 2428 5350 RU.

1092 5365 1211 5414 XV.
1236 5366 1456 5429 principa
1478 5365 1548 5425 K,
1573 5366 1820 5430 principes
1843 5364 1890 5413 R
1912 5380 1937 5413 c
1959 5364 2056 5415 cad.
2081 5364 2135 5413 S.
2154 5364 2318 5415 Petri.

1092 5430 1236 5480 XVI.
1270 5434 1450 5480 naonis
1472 5433 1746 5487 apostoli·
1770 5429 1870 5478 KR
1892 5445 1917 5479 c
1943 5428 2108 5494 (cenis)
2144 5429 2446 5479 Thon-Sub.
2470 5445 2482 5478 :
2517 5428 2650 5479 caesi
2666 5427 2882 5494 apostoli
2906 5428 3124 5480 BFOSU
3145 5430 3244 5481 cod.
3263 5433 3318 5482 S.
3340 5429 3515 5480 Pauli.

1027 5495 1159 5545 iudei
1183 5495 1229 5544 R
1252 5511 1277 5545 c
1297 5513 1310 5545 :
1351 5511 1381 5544 a
1405 5495 1596 5545 ludaeis
1624 5497 1662 5544 F
1665 5495 1712 5544 Θ
1734 5494 1830 5544 cod.
1855 5497 1911 5546 S.
1935 5495 2112 5556 Pauli,
2135 5509 2166 5543 a
2190 5493 2346 5544 iudeis
2370 5494 2512 5545 BSU.

2210 5168 2620 5219 defraudauerunt
2639 5183 2664 5215 c
2696 5167 2865 5217 Thom.

2449 5378 2575 5413 eoa:
2601 5362 2716 5412 illos
2738 5363 2817 5423 R;
2849 5379 2940 5412 om.
2959 5363 3024 5414 Θ.

2561 5312 2653 5347 om.
2677 5302 2857 5348 multa
2880 5298 2927 5347 R
2954 5299 3072 5350 Uat.
3096 5313 3243 5365 4221.

3157 5366 3439 5416 custodiam
3465 5366 3508 5413 R
3530 5381 3569 5417 c.

2678 5493 3090 5544 denuncianerunt
3115 5496 3196 5545 Rs
3212 5511 3250 5546 c.

2999 5172 3070 5219 do
3091 5173 3277 5228 pretio
3304 5170 3478 5237 (praet.
3505 5169 3561 5231 F,
3585 5186 3719 5236 pree.
3744 5169 3866 5233 KR)
3888 5186 3903 5219 ε
3935 5170 3998 5218 de
4020 5170 4240 5219 decimas

3375 5303 3542 5358 plebe
3563 5317 3576 5349 ε
3610 5299 3801 5366 populo
3822 5299 3917 5349 cad.
3944 5299 4000 5350 S.
4025 5297 4199 5349 Pauli.

3612 5432 3803 5478 iudaei
3825 5429 3876 5478 K
3907 5428 4081 5478 Thom.
4100 5428 4235 5489 Sub„

3420 5511 3491 5545 ne
3509 5509 3545 5546 -ι-
3560 5494 3688 5544 ultra
3710 5494 3772 5545 U.
3925 5509 4020 5544 om.
4043 5497 4233 5552 loque·
