4825 6525
1681 724 1736 784 Α
1750 723 1985 787 CTUS
2022 727 2075 786 A
2087 723 2436 786 POSYOL
2447 723 2565 783 OR
2576 723 2728 788 ΠΜ.
3587 742 3670 809 33

1056 892 1105 943 V
1828 893 1903 945 M.
1925 895 2105 945 Bamb.
2129 895 2193 944 A.
2211 895 2256 945 1.
2281 905 2325 959 7,
2353 895 2479 944 Met.
2504 905 2550 959 7.
3254 890 3306 941 G

578 1209 712 1270 LX.
750 1206 1577 1287 DesperantessociosPaulus
1681 1207 1843 1269 LXI.
1888 1207 1980 1269 De
2001 1228 2201 1270 morsu
2230 1212 2512 1289 serpentis
2526 1212 2677 1272 etde
2782 1204 2850 1267 L·
2893 1204 2984 1266 De
3026 1208 3194 1284 panis
3236 1207 3515 1270 fractione
3550 1208 3609 1268 in
3640 1209 3780 1269 naui

657 1304 945 1382 Angelico
1013 1303 1235 1364 solatur
1298 1302 1573 1362 oraculo:
1758 1313 1919 1382 patre
1954 1303 2114 1382 publi
2157 1304 2410 1364 febribus
2438 1306 2678 1368 liberato
2863 1311 2997 1380 post
3026 1313 3384 1380 tempestate.

655 1400 759 1477 qui
827 1400 906 1459 ad
979 1398 1340 1478 praedictum
1407 1396 1571 1469 illius,
1756 1408 1818 1458 et
1842 1398 2099 1459 aduentu
2128 1400 2283 1477 pauli
2312 1399 2598 1478 puteolos.

657 1504 868 1571 quarta
917 1494 1147 1555 decima
1194 1493 1288 1553 die
1335 1492 1573 1570 perditis

658 1590 834 1648 rebus
929 1588 1218 1661 omnibuS,
1314 1588 1573 1647 euadunt

656 1682 852 1742 cuncti
879 1682 957 1742 ad
986 1693 1217 1741 terram,

576 1773 742 1836 LXI.
783 1774 998 1836 Paulus
1046 1776 1106 1834 in
1156 1773 1357 1834 Melite
1404 1774 1567 1834 inua-
2781 1769 2878 1832 LI.
2919 1770 3137 1832 Paulus
3175 1781 3471 1832 sarmenta
3495 1773 3779 1852 colligens

659 1869 895 1930 dentem
949 1889 1014 1931 se
1080 1870 1344 1948 uiperam
1398 1869 1569 1929 iactat
2857 1866 3061 1941 uipera
3115 1884 3357 1925 manum
3410 1867 3537 1927 eius
3580 1912 3600 1929 .
3647 1885 3776 1927 mo-

655 1965 717 2023 in
762 1965 995 2026 focum:
1039 1983 1109 2025 ac
1143 1974 1368 2044 patrem
1406 1963 1569 2024 Prin·
2859 1960 3091 2020 mordit.

652 2060 800 2136 cipis
855 2059 1075 2120 insulae
1124 2078 1162 2120 a
1205 2058 1461 2120 febribus
1509 2069 1568 2118 et

649 2152 954 2216 disenteria
980 2154 1179 2215 salum.

2778 2326 2909 2386 LII.
2952 2327 3166 2388 Paulus
3207 2330 3364 2407 publi
3381 2326 3472 2410 (tn
3501 2350 3617 2389 ras.
3634 2328 3774 2412 scr.)

2858 2431 3079 2497 patrem
3106 2424 3328 2482 curauit
3356 2442 3392 2482 a
3419 2423 3593 2483 febre.

1676 2514 1866 2575 LXII.
1929 2515 2022 2577 De
2076 2517 2168 2578 his
2222 2538 2375 2596 quae
2419 2519 2482 2579 in
2528 2522 2671 2582 urbe
2776 2512 2940 2572 LIII.
2983 2513 3145 2573 Pauli
3177 2516 3472 2593 nauigatio
3504 2518 3564 2575 in
3594 2517 3775 2579 silicia.

1755 2629 1924 2672 roma
1951 2624 2086 2673 sunt
2117 2622 2262 2674 acta„
2856 2605 2989 2686 (sic)
3017 2608 3230 2668 deinde
3253 2609 3520 2687 puteolos
3561 2608 3772 2693 (-lus*)

2302 2704 2315 2718 '
2854 2701 2992 2762 inde
3014 2703 3076 2762 in
3097 2703 3252 2763 italia
3270 2716 3332 2763 et
3358 2722 3576 2764 romae.

569 2797 767 2862 LXII.
808 2799 996 2872 Idem,
1025 2797 1236 2877 hyeme
1258 2809 1567 2875 transacta,

652 2894 969 2972 Syracusas
990 2912 1126 2955 cum
1148 2894 1283 2968 suiS,
1302 2912 1372 2955 ac
1394 2894 1566 2955 Pute-

646 2988 756 3051 olis
774 2988 1036 3066 peruenit
1054 3003 1069 3045 τ
1093 2988 1310 3067 quique
1328 2988 1426 3049 ubi
1446 2988 1567 3049 Ro·

648 3101 812 3144 mam
840 3081 1179 3159 ingreditur,
1208 3099 1343 3141 cum
1374 3093 1567 3144 custo-

1735 2873 1932 2924 Subscr.
1954 2874 2227 2940 expliciunt
2247 2878 2483 2943 capitula.
2838 2872 3036 2924 Snbscr.
3062 2871 3237 2926 finiunt
3258 2874 3494 2941 capitula.

648 3178 845 3238 diente
927 3194 991 3236 se
1073 3177 1256 3237 milite
1324 3195 1563 3237 manere

647 3272 1005 3351 permittitur.

567 3366 791 3431 LXIII.
847 3367 1033 3440 Idem,
1092 3369 1433 3429 conuocatis
1486 3368 1564 3428 ad

648 3481 712 3522 se
735 3462 936 3539 primis
964 3461 1333 3534 Iudaeorum,
1361 3481 1464 3523 cur
1491 3464 1563 3523 sit

646 3557 933 3617 adductus
969 3556 1215 3617 edocet:
1257 3568 1319 3618 et
1351 3568 1562 3618 statuto

644 3651 740 3711 die
785 3651 1045 3728 pluribus
1095 3651 1171 3710 ad
1215 3668 1279 3710 se
1322 3653 1560 3711 uenien-

644 3746 797 3806 tibus
829 3745 901 3805 de
942 3745 1057 3804 fide
1101 3744 1236 3805 Iesu
1278 3746 1559 3824 exponit;

644 3856 1006 3917 manensque
1049 3838 1291 3899 biennio
1334 3841 1397 3899 in
1452 3858 1559 3901 suo

642 3933 951 4005 conduct0,
1020 3933 1293 3994 omnibus
1360 3934 1434 3994 ad
1493 3953 1556 3994 se

645 4027 992 4088 intrantibus
1086 4044 1331 4104 regnum
1441 4026 1555 4087 Dei

638 4119 948 4201 praedicat.

623 4289 827 4342 Subscr.
848 4289 1120 4355 expliciunt
1141 4289 1377 4356 capitula.

626 4462 789 4512 Notae
810 4461 883 4511 ad
895 4463 1024 4512 codd.
1048 4461 1105 4511 M
1128 4471 1214 4514 etc.
1278 4461 1402 4511 LXI
1426 4462 1543 4526 (Lx
1568 4462 1623 4511 M
1645 4462 1846 4525 Bamb„
1868 4461 2074 4512 LVIIII
2097 4463 2266 4531 Mea).
2300 4463 2464 4530 publii
2485 4464 2686 4528 Banna,
2709 4463 2871 4530 buplii
2896 4465 2971 4518 M.
3103 4467 3334 4533 puteolus
3356 4470 3479 4520 Met.

624 4526 779 4578 LXII
806 4527 948 4593 (LXI
972 4527 1029 4577 M
1053 4528 1251 4590 Βακὰ,
1277 4527 1370 4579 Lx
1393 4529 1541 4595 Met.)
1565 4544 1661 4594 que
1681 4528 1861 4580 Bamb.
