4825 6525
1028 705 1109 764 14

1029 1166 1259 1227 XXIII.
1304 1165 1424 1227 Ubi
1452 1167 1641 1226 simon
1678 1165 1861 1226 uoluit
1892 1164 2027 1224 dare

1110 1261 1420 1341 pecuniam
1488 1260 1767 1338 apostolis
1827 1259 2029 1319 dicens

1112 1355 1242 1417 date
1265 1368 1323 1416 et
1345 1355 1486 1415 mihi
1507 1355 1659 1415 hanc
1681 1363 2029 1432 potestatem

1109 1461 1172 1509 ut
1242 1452 1336 1510 cui
1405 1450 1720 1529 inposuero
1788 1465 2030 1508 manum

1109 1546 1357 1622 accipiat
1428 1545 1693 1622 spiritum
1765 1552 2030 1603 sanctum

1110 1649 1169 1699 et
1217 1639 1565 1717 repulerunt«
1596 1655 1747 1696 eum.

1033 1822 1295 1884 XXIIII.
1341 1823 1459 1884 Ubi
1516 1822 1760 1901 angelus
1813 1822 2031 1882 domini

1113 1917 1367 1996 loquitur
1466 1917 1729 1995 philippo
1770 1945 1775 1950 ·
1838 1915 2035 1975 dicens

1115 2030 1285 2090 surge
1327 2011 1477 2071 uade
1519 2021 1724 2071 contra
1767 2010 2034 2070 meridia-

1115 2125 1257 2166 num
1302 2116 1359 2166 et
1397 2106 1536 2165 dum
1577 2106 1794 2165 abisset
1824 2104 2034 2165 obuius

1115 2211 1203 2261 est
1242 2200 1317 2259 illi
1354 2199 1592 2278 quidam
1633 2198 1896 2277 aethiops
1933 2218 2034 2258 eu-

1116 2296 1342 2355 nuchus
1372 2313 1547 2374 quem
1576 2305 1633 2355 et
1664 2294 1995 2373 baptizauit.

1035 2388 1228 2450 XXV.
1274 2388 1391 2447 Ubi
1433 2387 1630 2448 saulus
1671 2389 1961 2466 accipiens
1999 2406 2036 2448 a

1116 2482 1375 2560 principe
1412 2481 1689 2558 epistulas
1725 2480 1799 2540 ad
1834 2480 2034 2541 dama-

1115 2594 1281 2636 scum
1367 2585 1429 2634 ut
1511 2575 1742 2634 uinctos
1817 2583 2035 2633 teneret

1116 2670 1467 2731 christianos
1520 2679 1579 2728 et
1632 2667 1735 2727 ubi
1792 2668 2037 2728 circum-

1116 2764 1273 2825 fulsit
1301 2782 1438 2823 eum
1467 2763 1568 2821 lux
1597 2760 1671 2821 de
1700 2760 1879 2821 cae10.

2318 678 2778 744 CAPITULA
2833 676 2950 737 IN

2139 848 2516 909 BFOKRSUQ
2555 849 2685 899 codd.
2730 849 2844 898 Uat.
2887 860 3033 911 4221.
3073 847 3126 895 S.

2200 916 2374 976 Pauli,
2408 917 2461 966 S.
2489 915 2648 975 Petri,
2681 915 2821 964 Orat.
2843 913 2985 978 apud
3010 912 3132 962 Tho-

2202 982 2461 1039 masium,·
2534 981 2632 1031 cod.
2704 979 2846 1030 Corb.
2906 992 2931 1027 s
3000 977 3140 1043 apud

2198 1047 2444 1096 Sabatier.

2136 1163 2369 1227 XXIII.
2436 1164 2640 1225 Simon
2701 1181 2909 1241 magus
2964 1181 3138 1240 pecu-

2220 1260 2374 1320 niam
2405 1259 2681 1337 apostolis
2707 1258 2892 1320 offert.

2382 1713 2416 1724 *a*

2141 1819 2405 1879 XXIIII.
2458 1819 2578 1880 Ubi
2626 1819 2871 1898 angelus
2921 1818 3142 1879 domini

2221 1913 2488 1993 philippo
2516 1913 2788 1992 loquitur.

2141 2396 2338 2456 XXV.
2394 2398 2513 2457 Ubi
2561 2397 2767 2475 paulus
2809 2416 2846 2455 a
2883 2396 3143 2474 principe

2222 2491 2595 2552 sacerdotum
2662 2490 2943 2569 epistulas
3001 2489 3144 2566 petit

2224 2586 2282 2646 in
2313 2586 2672 2646 damascum.

1038 2954 1264 3015 XXVI.
1306 2953 1427 3014 Ubi
1474 2954 1672 3015 saulus
1721 2903 2038 3014 confunde·
2146 2951 2368 3012 XXVI.
2425 2953 2544 3012 Ubi
2609 2952 2817 3030 paulus
2875 2951 3144 3011 conuale-

1121 3051 1222 3109 bat
1263 3048 1506 3109 iudaeos
1555 3049 1654 3127 qui
1704 3048 2042 3108 habitabant

1119 3143 1458 3203 damascum
1503 3153 1561 3203 et
1599 3143 1700 3202 ubi
1743 3144 1803 3203 in
1845 3152 2043 3222 sporta

1122 3257 1228 3318 per
1269 3256 1500 3300 murum
1528 3238 1800 3300 dimissus
1840 3248 1944 3301 est.

1041 3994 1298 4057 XXVII.
1342 3993 1460 4055 Ubi
1498 4004 1696 4073 petrus
1734 3993 2042 4071 perambu-

1121 4091 1246 4151 lans
1274 4099 1505 4151 sanctos
1526 4089 1627 4169 qui
1647 4100 1812 4148 erant
1832 4087 2041 4165 lyddae

1121 4185 1383 4265 peruenit
1410 4184 1485 4244 ad
1519 4184 1819 4245 hominem
1855 4200 2041 4261 quen-

1121 4279 1259 4339 dam
1302 4279 1543 4340 nomine
1585 4295 1833 4336 aeneam
1872 4294 2041 4354 para-

1122 4373 1359 4451 lyticum
1391 4374 1466 4433 ab
1496 4372 1666 4431 annis
1700 4382 1836 4431 octo
1864 4389 2039 4448 quem

1123 4478 1181 4526 et
1210 4468 1435 4526 sanauit
1464 4478 1521 4525 et
1548 4466 1608 4524 in
1638 4467 1813 4542 ioppe
1842 4465 2043 4523 mulie-

1124 4580 1248 4620 rem
1299 4561 1539 4619 nomine
1591 4558 1839 4618 thabitas
1890 4578 2043 4620 resu-

1124 4656 1367 4715 scitauit.
1580 4638 1594 4650 ’

1052 4741 1268 4821 *Notas
1288 4769 1361 4818 aa
1375 4769 1504 4819 codd.
1530 4768 1717 4818 BFoK
1740 4774 1825 4820 etc.
1896 4769 2100 4819 xxm.
2130 4783 2164 4816 ψ
2181 4769 2268 4818 ubi
2291 4768 2364 4817 aa
2382 4768 2501 4817 init.
2523 4768 2649 4819 BRs
2680 4770 2799 4820 Uat.
2824 4783 2972 4832 4221.

1042 4852 1153 4886 cum
1172 4835 1305 4885 oSU
1324 4834 1509 4894 Thone„
1526 4842 1573 4884 et
1589 4833 1757 4884 offeret
1778 4834 1819 4883 F
1829 4851 1843 4891 ;
1866 4834 2021 4884 defert
2040 4835 2087 4883 R
2105 4850 2129 4883 c
2146 4834 2277 4883 codd.
2292 4849 2324 4883 a

1107 4900 1340 4951 XXIIII.
1376 4914 1470 4949 om.
1495 4901 1597 4949 ubi
1616 4897 1668 4949 Κ
1684 4916 1710 4948 c
1732 4896 1829 4950 cod.
1855 4901 1910 4951 S.
1934 4898 2098 4951 Petri.

1107 4966 1272 5016 XXV.
1307 4981 1402 5016 om.
1427 4967 1529 5014 ubi
1554 4966 1606 5014 K
1626 4982 1664 5015 c.

1043 5048 1156 5081 cum
1182 5031 1224 5081 F
1244 5049 1258 5082 e

1044 5097 1159 5148 Sab.

1109 5227 1332 5277 XXVII.
1381 5228 1518 5279 ÷nbi
1541 5228 1613 5276 ad
1630 5228 1750 5277 init.
1782 5225 1920 5277 BSU.

1045 5362 1116 5409 ab
1138 5357 1240 5408 SU.
1372 5363 1529 5408 octo:
1569 5369 1713 5406 -um-
1738 5357 1935 5408 FKSU.

2227 3067 2394 3109 scens
2424 3047 2817 3109 confundebat
2847 3046 3102 3106 iudaeos..

2148 3991 2407 4051 XXVII.
2451 3990 2655 4051 Petrus
2681 3989 2925 4050 ueniens
2945 3987 3152 4067 lyddae

2227 4088 2302 4148 ad
2346 4098 2581 4148 sanctos
2617 4104 2839 4146 aenean
2870 4084 2945 4144 ab
2982 4085 3150 4145 annis

2227 4191 2365 4242 octo
2429 4182 2715 4241 iacentem
2769 4181 2829 4239 in
2883 4180 3150 4257 grabatto

2227 4285 2394 4336 sanat
2414 4285 2474 4335 et
2494 4274 2836 4353 discipulam
2855 4274 2912 4331 in
2931 4273 3151 4352 ioppen

2236 4371 2475 4430 nomine
2503 4370 2743 4428 tabitam
2773 4369 3083 4428 resuscitat.

2232 4841 2500 4965 phifibpho
2523 4899 2575 4949 s,

2612 5360 2857 5423 grabbato
2890 5361 3060 5410 Thom.

3083 4785 3259 4822 symon
3283 4771 3330 4821 U
3352 4787 3389 4819 c.

2394 4835 2594 4893 Thom.;
2617 4834 2798 4884 deseret
2819 4836 2868 4886 K
2886 4836 3026 4899 Sab.;
3049 4835 3231 4900 optulit
3249 4837 3314 4895 B;
3330 4850 3362 4886 4-
3381 4844 3582 4901 propter
3598 4836 3784 4885 donum
3800 4834 4001 4900 spiritus
4015 4836 4171 4886 sancti
4189 4836 4252 4883 R.

2707 4903 2966 4960 loquitur
2981 4916 3015 4951 «ι-
3034 4902 3170 4951 abire
3193 4909 3364 4951 contra
3387 4902 3641 4951 meridiem
3663 4901 3723 4951 R.

1808 4969 2015 5023 paulus
2037 4981 2151 5015 cum
2177 4966 2261 5014 BF
2265 4965 2347 5015 OS
2368 4983 2381 5015 ε
2417 4966 2585 5014 saulus
2609 4963 2757 5016 KRU
2780 4981 2805 5015 c
2836 4967 3007 5016 Thom.
3034 4967 3148 5017 Sab.

1284 5031 1524 5097 epistolas
1549 5029 1737 5081 OKSU
1768 5031 1938 5080 Thom.
1963 5031 2112 5091 Sab.;
2148 5034 2293 5097 eptas
2310 5031 2397 5079 BR
2416 5046 2455 5080 c.
2621 5034 2800 5088 petit:
2834 5033 2980 5096 petiit
3015 5033 3077 5092 R,
3115 5031 3293 5096 petiuit
3316 5032 3380 5087 S.

1292 5101 1355 5146 in
1377 5099 1699 5146 damascum
1723 5095 1853 5159 (-sco
1876 5096 1932 5161 S)
1953 5113 1967 5147 τ
2002 5112 2096 5147 om.
2122 5096 2172 5145 K
2197 5112 2253 5156 ες
2303 5110 2337 5146 ÷
2352 5104 2403 5145 et
2434 5097 2483 5144 in
2505 5095 2590 5145 uia
2614 5096 2780 5146 diuina
2804 5105 2878 5147 est
2902 5114 3027 5148 uoce
3048 5105 3323 5164 prostratus
3345 5100 3405 5147 R.

1108 5162 1304 5212 XXVI.
1335 5162 1538 5219 paulu·
1560 5169 1644 5213 etc.
1670 5170 1731 5210 ut
1751 5172 1901 5217 xxv:
1949 5176 1984 5212 ψ
2013 5170 2219 5226 accepta
2250 5161 2346 5211 fide
2369 5161 2432 5211 R.

2055 5242 2148 5276 om.
2173 5230 2414 5278 ueniens
2441 5226 2505 5277 U.

1047 5293 1182 5342 lidde
1206 5292 1254 5341 R
1274 5309 1298 5341 c
1321 5291 1465 5342 Sab.:
1502 5292 1702 5356 lyddam
1729 5292 1793 5354 U,
1819 5291 1972 5356 lydda
1995 5292 2046 5343 S.
2137 5296 2484 5343 adamatos:
2511 5292 2671 5343 Ascos
2692 5294 2806 5345 Sab.

2068 5359 2282 5423 grabato
2304 5357 2388 5408 ΘΞ
2408 5374 2434 5406 c
2456 5358 2589 5417 Sab„

1044 5421 1290 5488 discipula
1315 5422 1418 5482 BF,
1441 5422 1739 5486 discipulum
1772 5423 1868 5474 cod.
1895 5424 1947 5473 S.
1976 5421 2140 5473 Petri.

1056 5488 1226 5538 Tkom.
1251 5493 1300 5536 et
1320 5486 1563 5537 thabitam
1589 5487 1635 5536 R
1656 5503 1669 5537 ε
1703 5487 1899 5538 thabita
1923 5489 1973 5549 S,
2001 5488 2162 5539 tabita
2184 5487 2232 5538 Θ
2256 5488 2399 5547 Sab.;
2436 5488 2617 5538 tabitas
2641 5489 2796 5541 BFK.

2567 5166 2966 5213 conualesoens
2980 5177 3017 5213 4-
3032 5174 3082 5213 et
3105 5164 3158 5215 S.

2905 5310 3109 5345 aeneam
3134 5294 3196 5353 U,
3223 5311 3374 5345 enean
3399 5311 3423 5345 c
3439 5296 3572 5357 Sub„
3595 5312 3749 5345 aenea
3771 5296 3828 5356 B,
3851 5311 3972 5345 enea
3991 5295 4056 5344 K.

3192 5376 3286 5412 orn.
3309 5365 3371 5410 in
3393 5365 3654 5420 grabatto
3679 5361 3741 5411 R.

2307 5424 2454 5488 iopen
2478 5421 2571 5478 Θ*.
2597 5424 2762 5485 iopem
2784 5426 2881 5474 cod.
2906 5426 2961 5474 S.
2985 5425 3148 5485 Petri,
3172 5425 3322 5490 ioppe
3345 5427 3390 5475 R
3424 5424 3594 5478 Thone.

3695 843 3786 893 CT

3245 1167 3409 1227 XVI.
3468 1166 3672 1227 Simon
3721 1168 4030 1245 pecuniam
4073 1169 4243 1230 offert

3327 1261 3601 1339 apostolis
3657 1272 3720 1321 ut
3775 1263 4019 1340 accipiat
4079 1273 4244 1340 pote-

3328 1365 3536 1418 statem
3564 1356 3886 1435 signorum.

3250 1826 3446 1888 XVII.
3489 1829 3581 1888 De
3609 1829 3811 1906 fiIIppo
3848 1847 4080 1890 eunuco
4109 1847 4245 1889 can-

3331 1923 3492 1983 dacis
3552 1924 3750 2000 regine
3818 1933 3876 1983 et
3941 1924 4247 2002 quomodo

3331 2018 3518 2096 rapuit
3573 2017 3838 2096 filippum
3893 2018 4122 2096 spiritus
4167 2020 4244 2079 ab

3330 2130 3574 2171 eunuco.

3213 2467 3218 2471 .
3252 2395 3480 2453 XVIII.
3523 2395 3614 2454 De
3654 2395 3818 2456 saulo
3858 2396 3958 2456 ubi
3988 2395 4131 2456 deus
4168 2396 4246 2457 ad

3328 2507 3462 2549 eum
3487 2489 3737 2566 loquitur
3758 2489 3854 2548 uia
3872 2501 3930 2550 et
3945 2490 4247 2568 quomodo

3329 2583 3576 2644 credens
3592 2584 3916 2643 babtizatur
3936 2585 4014 2644 ab
4034 2587 4246 2646 anania

3329 2687 3388 2737 et
3416 2678 3677 2755 predicat
3703 2678 4004 2741 christum.

3251 2952 3512 3013 XVIIII.
3552 2953 3759 3013 Saulus
3782 2964 3953 3014 nocte
3971 2955 4030 3013 in
4050 2968 4250 3032 sporta

3332 3048 3606 3108 dimissus
3623 3059 3679 3108 et
3697 3044 4249 3128 euadit(uadit*)in-

3335 3143 3511 3203 sidias
3546 3142 4034 3203 damascenorum
4071 3161 4248 3221 quem

3335 3239 3626 3301 barnabas
3679 3238 3913 3299 adducit
3967 3238 4043 3299 ad
4107 3257 4248 3316 apo·

3335 3332 3529 3393 stolos.

3258 3990 3391 4049 XX.
3434 3989 3638 4052 Petrus
3683 3989 3839 4052 lidde
3890 3991 4254 4070 paraliticum

3336 4088 3521 4146 uerbo
3589 4096 3759 4146 sanat
3826 4097 3885 4146 et
3946 4087 4009 4145 in
4078 4086 4255 4164 ioppe

3336 4180 3575 4240 suscitat
3603 4181 3861 4240 tabitam.

3503 4769 3787 4835 peccuniam
3814 4768 3901 4816 BR
3910 4766 3968 4818 U.
4090 4771 4255 4819 offert

3982 4941 4254 5025 epistula·

3539 5040 3594 5088 >
3620 5039 3717 5098 pet.
3742 5034 3884 5098 epist.
3909 5031 4010 5082 KR
4026 5048 4050 5082 c
4081 5034 4134 5082 T
4125 5032 4254 5081 ltom.

3294 4967 3600 5032 principibus
3622 4965 3713 5017 BU
3734 4965 3850 5017 Sab.

3294 5165 3466 5215 iudeos
3487 5164 3532 5213 R
3555 5179 3597 5227 c,
3618 5164 3807 5215 iudaeis
3829 5164 3881 5216 S.

2638 5230 2845 5285 lyddae
2875 5246 2989 5278 cum
3027 5231 3064 5278 F
3068 5229 3148 5289 Θῑ,
3184 5235 3233 5278 et
3254 5230 3396 5295 lydae
3420 5230 3516 5291 Θ*,
3540 5230 3690 5295 lydde
3714 5231 3825 5290 ΒΚ,
3850 5230 4019 5281 liddae
4061 5229 4112 5278 Τ
4103 5226 4252 5287 horn„

3875 5376 3967 5410 om.
3995 5308 4255 5410 mgtml'g:

3761 5430 3998 5476 tabitam
4025 5440 4137 5474 cum
4162 5423 4210 5473 U
4232 5440 4257 5472 c

2930 5491 3137 5540 suscitat
3160 5492 3226 5541 Θ.
