4825 6525
1632 681 1686 738 Α
1700 678 1929 742 CTUS
1969 675 2378 739 APOSTOL
2389 675 2669 740 ORUM.
3676 689 3750 757 31

1035 847 1080 896 v
1790 848 1864 900 M.
1888 846 2068 898 Bam.
2093 847 2157 895 A.
2184 845 2224 895 1.
2251 856 2297 910 7,
2321 846 2448 896 Met.
2472 855 2519 909 7·
2720 813 2726 820 ⁰
3235 842 3285 893 G

557 1165 686 1226 LV.
740 1166 1044 1229 Accusans
1098 1167 1344 1227 Paulum
1404 1167 1554 1229 Ter-
1657 1164 1850 1226 LVII.
1912 1163 2007 1224 De
2064 1164 2339 1225 conflictu
2383 1164 2541 1241 pauli
2584 1180 2654 1222 ac

640 1260 813 1321 tullus
828 1262 1027 1322 rethor
1043 1262 1201 1340 apud
1218 1262 1552 1323 Praesidem
1738 1258 2076 1319 ludaeorum
2107 1267 2164 1318 et
2192 1258 2265 1318 de
2288 1258 2463 1318 sectis
2491 1254 2651 1335 quod

639 1354 908 1431 Felicem,
957 1355 1032 1417 ad
1078 1356 1328 1434 primum
1375 1357 1557 1435 ipsius
1739 1353 1968 1415 hereses
1995 1352 2371 1430 appellantur.

639 1468 987 1527 responsum
1042 1450 1185 1511 falsa
1252 1469 1556 1529 perorasse

639 1544 1038 1604 conuincitur:
1084 1562 1196 1606 nec
1212 1554 1407 1604 tamen
1428 1545 1553 1622 ipse

640 1636 973 1711 absoluitur,
1046 1639 1150 1698 sed
1220 1656 1407 1716 usque
1477 1638 1552 1697 ad

642 1731 1039 1792 Praesidatum
1093 1730 1248 1791 Festi
1292 1732 1355 1791 in
1404 1730 1555 1791 Cae-

641 1844 804 1886 sarea
831 1827 1119 1886 retinetur.

563 2100 722 2163 LVI.
766 2101 1042 2164 Uenienti
1080 2103 1552 2183 Hierosolymam
1660 2093 1883 2154 LVIII·
1952 2092 2047 2154 De
2100 2092 2277 2171 paulo
2330 2089 2493 2170 quod
2547 2090 2659 2149 nisi

645 2195 819 2257 Festo
847 2197 1049 2258 Iudaei
1082 2208 1284 2258 eontra
1311 2198 1554 2259 Paulum
1737 2205 2033 2249 caesarem
2053 2185 2405 2265 appellasset
2424 2184 2658 2244 iudaeo-

644 2302 1001 2371 suggerunt3
1050 2292 1155 2353 sed
1195 2304 1252 2352 et
1303 2294 1363 2352 in
1409 2291 1555 2353 Cae·
1741 2300 1871 2342 rum
1925 2292 2078 2342 esset
2132 2280 2414 2340 uoluntati
2459 2278 2660 2338 iudicis

642 2407 808 2450 sarea
832 2390 1190 2466 grauissimis
1211 2409 1350 2450 enm
1377 2409 1555 2469 quae-
1741 2375 2234 2454 praeuaricatione
2263 2373 2537 2433 donanis.

646 2483 927 2543 stionibus
954 2483 1290 2561 affligentes,
1336 2495 1558 2564 cogunt

645 2577 934 2655 appellare
962 2577 1290 2640 Caesarem.

568 2668 757 2731 Lv11.
799 2671 1007 2732 Festus
1045 2673 1364 2751 Agryppae
1407 2672 1559 2751 Regi
1665 2660 1919 2721 LVIIII.
1962 2660 2057 2722 De
2092 2661 2269 2740 paulo
2311 2661 2473 2740 quod
2512 2660 2661 2719 mul-

648 2765 722 2825 de
750 2764 936 2826 Paulo
962 2777 1018 2826 et
1046 2767 1207 2844 prius
1235 2778 1472 2840 secreto,
1503 2778 1561 2827 et
1746 2766 1931 2816 tatum
1981 2755 2148 2815 suerit
2188 2756 2505 2833 litterarum
2546 2798 2563 2814 ·
2604 2763 2663 2814 et

648 2870 781 2937 post
811 2860 873 2919 in
902 2860 1170 2921 Concilio
1198 2861 1383 2922 refert,
1747 2849 2246 2927 quemadmodum
2291 2850 2363 2909 sit
2411 2850 2475 2908 in
2519 2849 2661 2909 urbe

1748 2962 1917 3005 roma
1926 2943 2002 3004 ad
2019 2961 2313 3005 caesarem
2324 2942 2660 3003 destinatus.

570 3041 793 3104 LVIIL
836 3042 1064 3117 Paulus,
1104 3043 1388 3122 Agryppa
1431 3063 1564 3122 per-

651 3137 929 3210 mittente,
989 3156 1099 3216 pro
1156 3156 1219 3198 se
1279 3139 1564 3199 rationem

652 3232 877 3307 reddit3
920 3242 1096 3311 atque
1126 3234 1391 3294 omnium
1420 3233 1564 3294 iudi-

650 3328 742 3388 cio
769 3328 1053 3389 innocens
1073 3346 1199 3388 esse
1221 3328 1565 3390 decernitur.

574 3798 732 3861 LIX.
775 3799 1049 3860 Traditur
1091 3799 1307 3862 Paulus
1346 3800 1567 3861 Centu-
1670 3800 1797 3862 LX.
1840 3801 1933 3862 De
1975 3800 2304 3861 discrimine
2348 3799 2566 3878 nauigii
2609 3808 2667 3860 et
2770 3802 3091 3863 XLVIIII.
3173 3801 3385 3863 Paulus
3439 3820 3545 3881 per
3600 3801 3766 3863 naui-

652 3896 797 3956 rioni
836 3894 986 3955 Iulio
1027 3894 1326 3956 ducendus
1364 3896 1426 3955 in
1454 3895 1569 3956 Ita-
1748 3897 2129 3957 barbarorum
2156 3894 2533 3954 humanitate.
2850 3897 3012 3974 gium
3081 3896 3158 3956 ad
3226 3897 3442 3956 italiam
3525 3897 3768 3956 mittitur

651 3989 828 4051 liam:
893 4001 950 4049 et
997 3990 1097 4049 ubi
1150 3989 1385 4050 Cretam
1434 4008 1565 4067 per-
2851 3990 3012 4070 quod
3040 3987 3388 4068 appellasset
3414 4000 3745 4066 augustum.

652 4095 893 4144 uentum
977 4092 1081 4156 est,
1151 4084 1566 4161 quaerentibus
3154 4102 3161 4111 ·

651 4179 842 4239 nautis
894 4179 1179 4239 diuertere
1248 4176 1563 4239 Foenicem

654 4271 730 4333 ad
758 4272 1173 4351 hyemandum,
1192 4274 1401 4333 oborta
1415 4284 1563 4333 tem-

651 4377 846 4445 pestas
895 4384 1071 4429 oeeca
1118 4367 1306 4428 relidit
1355 4385 1460 4428 eos
1506 4368 1565 4427 in

651 4461 853 4524 altum.

635 4618 796 4667 Notae
816 4616 889 4665 ad
901 4617 1031 4667 codd.
1056 4617 1111 4666 M
1134 4623 1220 4667 etc.
1285 4617 1433 4667 LVII
1455 4617 1598 4682 (LVI
1622 4617 1696 4680 M,
1719 4617 1813 4667 LV
1828 4616 2001 4684 Mea).
2037 4621 2110 4670 de
2124 4621 2297 4669 noeti·
2320 4635 2335 4668 ε
2355 4617 2558 4683 partim
2569 4617 2738 4683 periit
2758 4617 2820 4669 in
2841 4618 2933 4681 M3
2965 4618 3188 4673 detectus
3205 4618 3387 4671 Βοιώ.
3453 4615 3769 4683 appellentur

574 4682 814 4796 ΜσῙῖὶῙῙῙῙ
840 4747 1011 4812 (LVII
1034 4749 1111 4809 M,
1131 4748 1254 4799 LVI
1273 4748 1442 4813 Men).
1573 4765 1670 4801 om.
1687 4756 1793 4814 cap.
1815 4748 1997 4805 Bamb.
2127 4743 2277 4816 apen.
2301 4746 2375 4799 M.
2508 4745 2641 4802 iude.
2663 4745 2736 4798 M.
2870 4747 3069 4800 iudiciis
3090 4749 3164 4801 M.
3309 4749 3549 4813 preuaric.
3571 4749 3700 4799 Met.

639 4810 1057 4875 LVIIII(LV111
1077 4813 1132 4863 Μ
1151 4815 1349 4879 Bamb„
1371 4814 1520 4864 LVII
1534 4815 1703 4880 Mea).
1735 4819 2058 4866 litterarum
2074 4828 2113 4867 4-
2126 4816 2325 4865 inbutus
2338 4814 2467 4865 Met.
2532 4828 2749 4864 cesarem
2769 4812 2826 4862 Μ
2844 4814 3027 4866 Bamb.
3096 4814 3363 4865 distinata:
3384 4812 3541 4874 Mem
3571 4828 3666 4864 om.
3691 4813 3765 4863 Μ.

639 4877 733 4928 Lx
769 4877 998 4944 (LVIIII
1022 4877 1080 4929 M
1096 4880 1293 4943 Βακὰ,
1316 4880 1493 4930 LVIII
1514 4881 1682 4947 Mea).
1716 4883 1936 4941 nauigii
1959 4897 1974 4929 ε
2006 4881 2251 4946 naufragii
2271 4879 2455 4931 Bamb.
2475 4877 2797 4944 (naumugii)
2821 4880 2946 4929 Met.
