4825 6525
1063 689 1149 770 ιδ’

1064 1187 1357 1249 XXXIII.
1400 1188 1520 1249 Ubi
1557 1187 1802 1265 angelus
1836 1196 2070 1266 petrum

1146 1282 1221 1343 de
1247 1299 1480 1343 carcere
1506 1281 1796 1360 producit.

1060 1945 1390 2007 XXXIIII.
1428 1945 1549 2007 Ubi
1578 1946 1897 2024 perturbati
1925 1945 2073 2005 mili·

1148 2052 1236 2101 tes
1257 2041 1537 2119 quidnam
1565 2040 1639 2101 de
1667 2051 1835 2119 petro
1858 2039 2071 2101 factum

1147 2134 1370 2196 fuisset.

1069 2503 1328 2565 XXXV.
1371 2503 1486 2563 Ubi
1534 2505 1595 2564 in
1636 2504 1882 2566 ecclesia
1919 2523 2072 2584 quae

1155 2609 1279 2659 erat
1314 2598 1640 2660 anthiociae
1666 2599 1982 2678 prophetae
2015 2611 2072 2660 et

1157 2692 1432 2753 doctores
1471 2703 1868 2753 conuenerant
1908 2704 1966 2754 et
1997 2692 2072 2753 de

1155 2786 1383 2847 bariesu
1409 2785 1940 2866 pseudopropheta.

1068 3630 1358 3696 XXXVI.
1400 3633 1519 3696 Ubi
1547 3634 1756 3715 paulus
1785 3635 2070 3713 nauigans

1159 3728 1403 3790 ueniens
1472 3729 1826 3791 anthiociam
1889 3748 2069 3790 euan-

1153 3825 1420 3903 gelizauit
1462 3825 1542 3883 ibi
1576 3823 1853 3885 christum
1880 3824 2068 3886 iesum

1152 3917 1336 3978 filium
1361 3919 1455 3978 dei
1482 3918 1618 3977 uiui.

1072 4199 1394 4261 XXXVII.
1449 4201 1569 4260 Ubi
1623 4200 1814 4261 iudaei
1868 4200 2070 4279 repleti

1153 4294 1282 4354 zelo
1310 4294 1788 4356 contradicebant
1809 4294 1899 4355 his
1919 4313 2069 4373 quae

1154 4406 1190 4446 a
1215 4389 1390 4464 paulo
1418 4388 1758 4449 dicebantur
1783 4400 1842 4448 et
1867 4398 2071 4466 gentes

1152 4480 1466 4542 audiebant
1492 4500 1646 4543 eum.

2364 706 2656 769 CAPIT
2660 705 2827 767 ULA
2881 705 3001 768 IN

2173 873 2546 930 Bsoxnsuc:
2599 873 2733 923 codd.
2781 873 2896 925 σαι.
2927 885 3078 937 4221,
3120 874 3178 922 s,

2236 940 2417 1004 Pauli,
2487 941 2539 989 s.
2595 938 2762 999 Part,
2837 940 2981 990 oms.
3045 937 3186 1002 apua

2247 1006 2572 1056 Thmasium
2587 1022 2611 1067 ,-
2653 1004 2755 1056 cod.
2797 1004 2939 1056 Corb.
2979 1018 3005 1053 2
3044 1002 3188 1068 apud

2238 1070 2489 1121 Sabatia.

2175 1186 2471 1247 XXXIIL
2499 1186 2621 1247 Ubi
2637 1185 2887 1247 herodes
2909 1186 3180 1247 iacobum

2255 1282 2498 1342 fratrem
2540 1281 2811 1342 iohannis
2863 1280 3077 1341 occidit
3123 1289 3184 1340 et

2254 1385 2489 1454 petrum
2519 1376 2675 1437 misit
2702 1375 2764 1435 in
2791 1393 3103 1437 carcerem.

2175 1947 2506 2010 XXXIIII.
2549 1948 2670 2009 Ubi
2715 1949 2924 2009 milites
2971 1948 3183 2007 turbati

2255 2053 2394 2103 sunt
2424 2061 2534 2121 pro
2562 2053 2748 2121 petro.

2175 2505 2431 2566 XXXV.
2490 2503 2611 2566 Ubi
2665 2515 2897 2583 separat
2951 2504 3179 2583 spiritus

2256 2610 2494 2661 sanctus
2521 2598 2763 2677 paulum
2792 2609 2848 2660 et
2877 2600 3179 2660 barnaban

2257 2693 2333 2753 ad
2361 2693 2839 2772 praedicandum.

3741 869 3835 920 CT

3285 1188 3549 1250 XXIIII.
3593 1186 3822 1248 Erodes
3863 1186 4137 1248 iacobum
4172 1186 4285 1247 fra·

3367 1293 3517 1344 trem
3541 1281 3814 1343 iohannis
3829 1280 4040 1342 occidit
4057 1291 4285 1358 petrum

3364 1396 3510 1438 uero
3525 1377 3700 1437 mittit
3715 1377 3777 1436 in
3793 1393 4089 1436 carcerem
4105 1392 4284 1454 quem

3365 1472 3608 1549 angelus
3635 1470 3771 1531 inde
3797 1469 3961 1532 tollit.

3284 1940 3478 2001 XXV.
3518 1940 3722 2001 Petrus
3740 1938 3816 2000 ad
3837 1938 4082 1999 domum
4103 1938 4285 1999 marie

3364 2035 3604 2096 ueniens
3656 2033 3847 2111 pulsat
3899 2043 3958 2093 et
4011 2034 4181 2092 intrat
4220 2041 4280 2092 et

3363 2133 3571 2195 erodes
3610 2150 3918 2210 percussus
3960 2130 4037 2191 ab
4068 2130 4284 2208 angelo

3363 2239 3592 2289 scatens
3620 2228 3915 2288 uermibus
3942 2227 4239 2305 expirabit.

3284 2505 3513 2568 XXVL
3555 2505 3859 2568 Barnabas
3885 2516 3943 2568 et
3971 2506 4166 2567 saulus
4192 2524 4281 2566 re-

3365 2601 3549 2661 deunt
3603 2600 3918 2661 antiociam
3969 2600 4130 2661 unde
4177 2619 4283 2678 per

3365 2695 3644 2756 christum
3710 2694 4067 2755 reuelantem
4143 2695 4281 2755 ieiu-

3363 2798 3542 2849 nante
3598 2787 3816 2866 eglesia
3862 2789 4161 2850 mittuntur
4202 2788 4280 2849 ad

3362 2883 3784 2963 predicandum
3851 2881 4133 2944 habentes
4192 2901 4282 2943 se·

3361 2996 3498 3038 cum
3532 2977 3849 3038 iohannem
3885 2986 4282 3055 cognomento

3361 3089 3642 3132 marcum.

3282 3251 3538 3313 XXVII.
3570 3251 3786 3313 Paulus
3813 3262 3871 3313 et
3900 3251 4190 3314 barnabas
4216 3250 4277 3313 in

3359 3347 3544 3408 insula
3570 3349 3793 3427 pabum
3814 3358 4018 3408 cecant
4038 3365 4278 3427 magum

3358 3444 3597 3502 nomine
3651 3442 3945 3502 bariesum
4005 3442 4104 3519 qui
4158 3456 4279 3502 erat

3357 3554 3495 3597 cum
3522 3535 3713 3614 sergio
3745 3535 4113 3614 proconsule.

2171 3633 2459 3695 XXXVI.
2504 3632 2717 3694 Paulus
2771 3645 2831 3693 et
2883 3632 2984 3711 qui
3037 3649 3175 3693 cum
3278 3633 3569 3696 XXVIII.
3612 3632 3829 3694 Paulus
3870 3632 3933 3693 in
3977 3633 4277 3711 sinagogis

2251 3746 2328 3789 eo
2380 3739 2545 3789 erant
2597 3726 2942 3805 nauigantes
2996 3745 3175 3787 uene-

2252 3832 2386 3882 runt
2412 3838 2630 3900 pergen
2657 3819 3029 3900 pamphiliae.

2172 4197 2491 4258 XXXVII.
2541 4198 2758 4259 Paulus
2801 4197 2876 4259 de
2923 4214 3173 4259 resurre-

2253 4293 2445 4445 gtiigrtie
2492 4292 2684 4353 christi
2738 4292 2957 4353 iudaeis
3010 4309 3173 4369 prae-

3356 3727 3484 3805 (σπι.
3531 3725 3679 3809 go*)
3732 3728 4035 3805 disputans
4080 3726 4278 3787 multis

3355 3823 3766 3883 scribturarum
3776 3821 4118 3883 testimoniis
4134 3838 4277 3881 oon-

3355 3916 3535 3977 uincit
3597 3916 3803 3978 iudeos
3871 3916 4082 3995 quibus
4140 3914 4276 3995 (bus

3352 4009 3527 4091 eras.)
3572 4013 3989 4073 rennuentibus
4071 4021 4276 4089 gentes

3353 4105 3554 4183 gauise
3582 4105 3841 4166 credunt.

1073 4765 1425 4829 XXXVIH.
1466 4769 1586 4830 Ubi
1622 4770 1830 4848 paulus
1856 4782 1915 4832 et
1942 4773 2072 4832 bar·
2173 4770 2525 4832 XXXVIII.
2567 4772 2772 4833 Iconio
2800 4772 3012 4832 intrant
3041 4789 3170 4850 syn-
3273 4770 3594 4832 XXVIIII.
3637 4769 3852 4831 Paulus
3886 4781 3945 4831 et
3981 4772 4274 4834 barnabas

1158 4865 1343 4924 nabas
1396 4866 1698 4924 uenientes
1755 4866 1949 4926 iconio
2013 4878 2073 4926 et

1136 4980 1300 5030 Notae
1318 4982 1393 5031 ad
1404 4982 1535 5033 codd.
1562 4981 1749 5032 BFeK
1769 4990 1854 5033 etc.
1921 4982 2168 5034 XXXIII.
2204 4984 2401 5035 herodis
2424 4984 2474 5035 S.

1136 5046 1414 5099 xxxml.
1448 5062 1542 5098 om.
1566 5063 1667 5106 pro
1685 5047 1788 5114 Θ*(
1801 5061 1837 5100 4
1852 5048 1957 5112 6¹).

1137 5111 1353 5163 XXXV.
1388 5120 1583 5178 sepemt
1604 5113 1683 5165 Bs
1703 5131 1716 5173 3
1749 5115 2009 5180 separabat
2030 5113 2161 5164 codd.
2182 5121 2265 5180 ap.
2298 5115 2472 5165 nont.
2627 5113 2900 5166 barnabam
2924 5114 3025 5166 KU
3052 5115 3105 5166 Τ
3095 5115 3244 5174 hom..
3267 5116 3353 5166 -ba
3374 5115 3424 5166 S.

2255 4885 2509 4944 agogam
2537 4866 2785 4942 apostoli
2827 4875 2885 4926 et
2927 4865 3169 4926 credidit

2611 4990 2668 5042 >
2694 4982 2877 5035 occidit
2896 4983 3100 5035 fratrem
3119 4984 3352 5035 iohannis
3374 4983 3425 5036 S.

3353 4867 3552 4926 iconio
3619 4865 3681 4925 in
3743 4866 4029 4943 sinagoga
4089 4867 4274 4927 multo

3558 4985 3715 5035 mittit
3736 4984 3798 5033 R.

3581 5115 3934 5181 predicandum
3959 5114 4187 5165 BKRSU
4209 5130 4250 5165 c.

1136 5176 1382 5227 XXXVI.
1430 5195 1464 5229 4
1497 5181 1582 5230 ubi
1603 5180 1676 5229 ad
1692 5180 1809 5231 init.
1834 5179 1926 5237 BS.
1957 5192 1993 5231 4
2024 5188 2074 5231 et
2094 5180 2212 5229 Sah.
2325 5195 2540 5239 pergen
2559 5183 2905 5239 pamphiliae
2931 5196 3043 5230 cum
3061 5181 3157 5231 ΘΚ
3179 5197 3204 5231 c
3226 5181 3416 5244 Thone„
3439 5196 3624 5247 pergen
3645 5181 3991 5247 phamphiliae
4010 5181 4063 5240 Β,
4090 5195 4275 5245 pergen

1072 5257 1189 5308 pam
1229 5242 1405 5293 biliam
1426 5245 1526 5295 cod.
1549 5247 1602 5294 S.
1628 5245 1806 5309 Pauli,
1830 5246 1943 5296 Sab.
1965 5262 1978 5297 ε
2014 5261 2103 5311 per
2122 5252 2294 5308 gentes
2317 5246 2623 5311 pamphiliae
2642 5246 2811 5309 (-liam
2834 5245 2909 5310 K)
2934 5246 3066 5296 FKs
3088 5245 3148 5310 cf
3171 5246 3244 5296 ad
3259 5248 3367 5297 xiii.
3395 5261 3470 5311 13.
3500 5260 3593 5312 14³
3627 5246 3959 5312 pamphiliam
3980 5252 4184 5296 tantum
4209 5245 4270 5296 U.

1137 5307 1186 5356 X
1239 5308 1405 5358 xvu.
1448 5322 1486 5360 4
1521 5310 1607 5360 nbi
1629 5311 1701 5360 ad
1717 5310 1836 5361 init.
1862 5311 1918 5361 B.

1136 5438 1290 5489 XXX
1341 5439 1438 5489 111.
1486 5454 1527 5493 4
1551 5440 1638 5491 ubi
1659 5442 1731 5491 ad
1748 5442 1869 5494 ime.
1890 5441 1948 5493 B.

1082 5503 1251 5555 Thom.
1381 5505 1679 5571 sinagogam
1701 5505 1785 5557 RS
1806 5521 1846 5556 c.

1071 5370 1206 5422 κει]
1227 5389 1283 5431 ις
1354 5374 1633 5426 medicam
1654 5375 1783 5426 mil.
1805 5383 1884 5453 ap.
1916 5325 2430 5427 mmfesurreoerone
2454 5311 2554 5363 Rs'

2114 5439 2294 5556 clam-{o
2314 5458 2358 5503 c,
2380 5441 2583 5557 iehorsso
2605 5442 2671 5505 R,
2695 5440 2888 5494 iconiae
2910 5441 3058 5504 Sab.;
3091 5450 3139 5492 et
3163 5442 3420 5508 quomodo
3450 5444 3571 5495 Uat.
3593 5456 3737 5508 4221.

2283 5525 2297 5569 ς
2345 5522 2381 5559 4
2417 5523 2491 5557 eis
2562 5543 2577 5559 .

2684 5326 2779 5362 om.
2801 5314 3006 5362 christi
3031 5311 3108 5363 U*
3133 5312 3206 5379 <4
3221 5319 3364 5379 mg).

3494 5311 3656 5363 iudeis
3680 5312 3729 5362 R
3750 5328 3790 5363 c.
3922 5311 4144 5378 predicat
4176 5309 4273 5363 ΒΚ

3871 5444 4093 5492 int-rant
4114 5454 4151 5493 4
4172 5440 4224 5490 in
4248 5456 4272 5490 c
