4825 6525
596 1210 795 1274 XVII.
875 1210 1317 1273 Descendentes
1387 1210 1588 1269 Sama·

675 1309 821 1367 riam
890 1307 1096 1367 Petrus
1161 1315 1221 1367 et
1293 1303 1590 1366 Iohannes

676 1404 984 1482 imponunt
1036 1419 1245 1461 manus
1310 1399 1589 1460 credenti-

679 1499 809 1570 buS‚
859 1507 924 1556 ut
968 1496 1258 1573 accipiant
1313 1494 1589 1573 Spiritum

675 1590 991 1651 Sanctum:
1048 1590 1208 1668 quod
1251 1607 1446 1648 emere
1489 1606 1589 1665 pe-

673 1687 845 1746 cunia
893 1685 1137 1762 cupiens
1185 1683 1409 1756 Simon,
1450 1700 1588 1743 ana-

672 1780 924 1840 themate
952 1780 1276 1838 damnatur.

588 1874 820 1934 XVIII.
862 1874 1163 1952 Philippus
1199 1874 1434 1933 iubente
1462 1872 1588 1931 An-

668 1970 804 2045 gelo
844 1970 1003 2028 uiam
1046 1968 1244 2029 Gazae
1286 1967 1445 2044 petit,
1488 1967 1590 2026 ubi

667 2065 949 2124 instructo
1005 2082 1075 2123 ac
1124 2063 1419 2141 baptizato
1471 2062 1587 2121 Ae-

672 2158 872 2236 thiope
920 2154 1104 2236 (-piae
1131 2157 1276 2236 cod.)
1306 2156 1587 2217 Gentium

669 2252 951 2330 primitias
980 2252 1239 2312 Domino
1268 2263 1585 2311 consecrat.

588 2435 757 2496 XIX.
801 2437 1006 2498 Saulus
1024 2438 1098 2499 ad
1121 2438 1583 2517 persequendam

669 2532 993 2594 Ecclesiam
1048 2532 1411 2592 Damascum
1462 2552 1587 2610 per·

672 2645 837 2705 gens»,
891 2627 1123 2688 caelesti
1185 2614 1583 2704 increpatione

666 2732 1001 2782 coercetur:
1046 2740 1211 2782 mora
1234 2720 1364 2801 (sic)
1393 2721 1580 2800 bapti·

667 2827 831 2877 zatus
871 2818 949 2876 ab
983 2816 1274 2889 Annania‚
1305 2816 1585 2877 continuo

666 2908 1584 2988 IesuminSynagogispraedicat.

586 3003 724 3063 XX.
766 3004 953 3078 Idem,
996 3006 1403 3084 quaerentibus
1446 3023 1583 3066 eum

668 3099 901 3162 Iudaeis
942 3099 1281 3172 interficere,
1322 3119 1428 3178 per
1455 3119 1582 3159 mu-

665 3213 797 3255 rum
866 3206 1041 3256 nocte
1117 3195 1451 3255 dimittitur:
1521 3205 1580 3256 et

667 3293 910 3351 ueniens
940 3291 1415 3370 Hierosolymam
1438 3291 1580 3352 Bar-

665 3387 821 3446 naba
876 3385 1024 3446 duce
1078 3386 1381 3463 Apostolis
1436 3405 1579 3447 con-

663 3480 933 3559 iungitur.
976 3479 1166 3540 Sedet
1189 3480 1580 3542 ibiaGraecis

661 3593 870 3652 passus
972 3575 1225 3647 insidias»,
1323 3576 1577 3636 Tarsum

661 3669 994 3730 transfertur
1016 3688 1052 3728 a
1068 3667 1355 3729 fratribus
1399 3669 1579 3731 Cuius

659 3764 853 3824 furore
902 3764 1123 3836 sedato,
1169 3761 1435 3825 Ecclesia
1477 3785 1580 3843 per

660 3868 843 3919 totam
864 3858 1157 3932 Iudaeam,
1167 3858 1509 3930 Galilaeam,
1522 3870 1578 3918 et

662 3952 982 4013 Samariam
998 3955 1178 4017 libera
1195 3973 1342 4032 pace
1358 3952 1575 4014 fruitur.

1671 726 1723 784 Α
1740 725 1793 785 C
1804 722 1970 782 TUS
2009 722 2419 786 APOSTOL
2430 723 2549 784 OR
2562 724 2712 785 HM.

1860 893 2038 942 Bamb.
2070 895 2134 945 A.
2163 895 2205 945 1.
2236 904 2280 958 7,
2308 895 2433 944 Met.
2461 907 2508 958 7.

1695 1210 1955 1274 XVIIII.
1999 1212 2092 1273 De
2120 1213 2328 1273 eodem
2347 1214 2574 1273 simone
2591 1214 2690 1292 qui

1775 1325 1909 1367 cum
1948 1325 2143 1368 emere
2171 1326 2233 1368 se
2262 1326 2437 1386 posse
2465 1327 2501 1367 a
2528 1321 2691 1385 petro

1774 1414 2041 1462 sanctum
2063 1402 2327 1480 spiritum
2355 1403 2690 1463 credidisset

1773 1495 2008 1573 spiritali
2096 1497 2468 1573 prouidentia
2557 1515 2685 1572 pre-

1774 1590 2085 1650 damnatus
2115 1602 2216 1648 est.

1693 1870 1829 1931 XX.
1869 1869 1964 1933 De
2013 1873 2285 1933 eunucho
2332 1892 2509 1952 quem
2560 1872 2686 1950 phi—

1771 1966 1966 2044 lippus
2012 1968 2285 2045 angelica
2332 1967 2687 2028 reuelatione

1772 2072 1837 2120 ut
1853 2062 2222 2139 †baptizandi
2239 2062 2489 2123 formam
2517 2061 2687 2122 simul

1772 2164 1832 2215 et
1866 2156 2140 2220 uiuendi-i·
2189 2157 2478 2234 acciperet
2516 2157 2687 2216 ratio-

1771 2250 2037 2310 nabiliter
2068 2251 2398 2328 baptizauit.

1690 2436 1858 2498 XXI.
1903 2437 1995 2497 De
2023 2438 2237 2498 iudicio
2258 2436 2419 2516 quod
2437 2437 2690 2497 saluator

1769 2533 1829 2591 in
1874 2531 2112 2609 paulum
2155 2550 2292 2592 cum
2346 2532 2407 2590 in
2454 2540 2686 2592 sanctos

1769 2627 2017 2688 saeuiret
2065 2628 2318 2687 exercuit
2360 2638 2416 2686 et
2460 2625 2534 2686 de
2581 2627 2685 2685 ba-

1767 2722 1985 2798 ptismo
2016 2722 2264 2780 ananiae
2293 2722 2353 2779 in
2382 2721 2643 2798 paulum.

1687 3008 1884 3068 XXII.
1967 3008 2060 3069 De
2136 3009 2378 3070 exordio
2452 3011 2679 3070 insecu—

1764 3103 1988 3163 tionum
2041 3104 2216 3181 pauli.
2317 3122 2471 3182 quos
2533 3104 2680 3165 ueri·

1767 3197 1898 3257 tatis
1963 3198 2257 3276 praeconii
2306 3216 2485 3258 causa
2553 3216 2679 3261 sus-

1763 3292 1947 3352 tinuit.

1682 3385 1916 3447 XXIII.
1966 3387 2058 3447 De
2107 3387 2509 3464 magnitudine
2560 3388 2679 3449 odii

1761 3482 1924 3562 quod
1935 3481 2215 3542 aduersus
2227 3481 2469 3559 paulum
2488 3483 2678 3542 iudaei

1762 3577 2114 3637 exercebant
2157 3577 2333 3654 paulo
2382 3576 2678 3637 remissius

1763 3689 1899 3731 cum
1942 3671 2149 3732 ceteris
2197 3671 2481 3749 apostolis
2536 3673 2675 3731 acti-

1764 3776 1935 3825 tante.

2796 1209 2998 1271 XIIII.
3056 1209 3263 1271 Simon
3310 1212 3412 1270 ubi
3470 1209 3600 1290 (tibi
3650 1210 3795 1291 cod.)

2873 1304 3187 1382 pecuniam
3230 1305 3400 1364 offert
3441 1318 3504 1364 ut
3549 1306 3796 1383 accipiat

2876 1408 3164 1475 potestate
3193 1400 3341 1458 sicut
3369 1399 3638 1477 apostoli.

2794 1864 2929 1924 XV.
2983 1864 3078 1924 De
3120 1863 3381 1942 philippo
3420 1875 3477 1924 et
3519 1865 3791 1926 eunucho

2872 1957 3152 2020 candacis
3179 1960 3432 2034 reginae.

2792 2437 2958 2498 XVI.
3005 2437 3182 2499 Saulo
3210 2439 3310 2497 ubi
3353 2438 3499 2498 deus
3525 2437 3600 2498 de
3628 2439 3791 2498 caelo

2872 2532 3141 2610 loquitur.
3252 2532 3403 2591 Item
3457 2531 3617 2609 quod
3685 2551 3790 2609 per

2869 2636 3043 2686 nocte
3061 2626 3120 2685 in
3152 2638 3412 2704 sportam
3436 2645 3537 2704 per
3559 2644 3790 2687 murum

2867 2719 3184 2780 dimittitur.

579 4045 747 4106 XXI.
787 4045 993 4108 Petrus
1033 4049 1094 4107 in
1143 4047 1352 4127 Lydda
1397 4046 1575 4127 (quae
1680 4056 1939 4117 XXIIII.
1981 3997 2075 4118 De
2103 4074 2326 4117 aenean
2354 4067 2412 4117 et
2442 4057 2677 4116 thabita.
2783 4064 2980 4125 XVII
3051 4061 3173 4124 Ubi
3242 4076 3440 4143 petrus
3512 4063 3781 4144 paralyti-

657 4161 815 4203 nunc
907 4141 1207 4220 Diospolis
1303 4146 1572 4217 uocatur)

659 4237 1038 4315 paralyticum
1068 4237 1236 4314 erigit
1264 4239 1570 4297 Aeneam:

655 4345 714 4395 et
780 4337 842 4395 in
912 4336 1098 4415 Ioppe
1162 4333 1483 4396 Tabitham
1538 4354 1574 4394 a

656 4441 843 4490 morte
872 4431 1122 4490 suscitat.

639 4833 800 4881 Notae
820 4832 892 4881 ad
906 4833 1035 4884 codd.
1054 4832 1233 4883 Bamb.
1254 4838 1340 4884 etc.

1406 4832 1635 4882 XVIIII.
1670 4846 1854 4882 emere
1876 4848 1966 4883 ne:
2001 4848 2190 4884 merore
2212 4834 2391 4883 Bamb.

1759 4170 1908 4230 quos
1948 4150 2264 4211 elemosine
2307 4168 2489 4211 causa
2536 4169 2677 4228 apo-

1759 4245 1941 4305 stolus
1988 4256 2046 4305 et
2096 4245 2348 4305 uisitauit
2390 4255 2447 4304 et
2496 4245 2676 4305 susci-

1756 4340 1912 4401 tauit.

2862 4176 2998 4219 cum
3042 4160 3225 4219 uerbo
3268 4159 3493 4221 sanauit
3535 4172 3592 4220 et
3635 4161 3780 4221 tabi-

2863 4253 3066 4312 tham
3051 4271 3111 4311 tn
3143 4252 3319 4331 ioppe
3349 4254 3605 4314 suscitat.

2523 4834 2814 4899 predampn.
2839 4834 3019 4886 Bamb.

637 4897 754 4947 XX.
792 4901 1047 4956 angelica
1078 4899 1430 4948 reuelatIone
1463 4904 1531 4948 ut
1563 4901 1926 4959 stapam&
1959 4900 2198 4948 formam
2229 4901 2402 4947 simul
2434 4905 2494 4949 et
2525 4902 2803 4959 uiuendst
2835 4900 2966 4949 locus
2998 4904 3261 4964 corruptus
3284 4899 3472 4964 forsan
3506 4898 3582 4948 ita
3621 4912 3784 4948 com-

565 4963 787 5027 gendus:
822 4963 921 5012 cod.
944 4963 1183 5013 Maiensis
1206 4962 1325 5027 legit
1345 4962 1573 5027 angelica
1594 4962 1747 5013 semel
1771 4963 2069 5014 reuelatione
2092 4973 2145 5013 ut
2168 4963 2452 5028 baptizandi
2474 4962 2637 5014 forma
2659 4964 2861 5014 uiuendi
2883 4965 3029 5014 haud
3043 4964 3189 5014 dubie
3209 4979 3272 5014 ex
3298 4965 3462 5029 glossa
3493 4962 3780 5028 margmala‘

713 5043 829 5077 ram
852 5028 1129 5088 intellecto;
1161 5029 1260 5080 cod.
1284 5029 1460 5078 Bamb.
1479 5028 1621 5078 habet
1641 5028 1866 5092 angelica
1886 5029 2187 5079 reuelatione
2214 5038 2267 5080 ut
2289 5029 2572 5094 baptizandi
2594 5029 2807 5080 sormam
2830 5029 3045 5081 uiuendi.

690 5093 782 5143 XI.
817 5093 997 5143 iuditio
1017 5093 1197 5144 Bamb.

636 5158 811 5210 XXII.
845 5159 1065 5224 insequu.
1089 5158 1269 5209 Bamb.

636 5225 838 5275 XXIII.
875 5227 1066 5283 quod·
1054 5261 1069 5273 .
1100 5239 1247 5289 quem
1270 5225 1392 5276 Met.

636 5290 831 5342 XXIV.
868 5305 1024 5343 enean
1045 5289 1223 5341 Bomb.

1328 5093 1487 5144 seuire
1506 5094 1685 5143 Bamb.
1816 5095 1990 5143 ananie
2012 5094 2189 5146 Bamb.

1402 5159 1507 5209 Pro
1525 5174 1672 5275 31¹ng
1680 5159 1967 5275 35:3²2an
1954 5159 2171 5224 ,forsan
2193 5176 2256 5210 ex
2268 5176 2442 5226 graeco
2466 5160 2684 5225 διωγμῶν
2706 5159 2787 5211 οὕς
2809 5160 3030 5226 irrepsit.

1356 5290 1680 5343 aelimosinae
1702 5291 1826 5341 Met.

2324 5095 2479 5161 paulo
2499 5096 2622 5146 Met.

1990 5225 2253 5277 actitantes
2275 5227 2397 5277 Met.

3164 5159 3387 5227 preconii
3409 5158 3589 5242 Bamb.
