4825 6525
1064 718 1147 777 24

1542 871 1591 919 A

1146 1187 1480 1267 philosophi
1529 1187 1886 1248 disserebant
1929 1205 2063 1248 cum

1144 1299 1237 1342 e0.

1062 1641 1345 1703 XLVIII.
1390 1642 1676 1721 Egressus
1724 1640 1933 1719 paulus
1986 1640 2064 1700 ab

1142 1737 1371 1798 athenis
1412 1739 1574 1798 uenit
1614 1736 1946 1797 corinthum
1985 1736 2060 1795 ad

1144 1830 1441 1910 quendam
1496 1830 1767 1891 iudaeum
1822 1830 2062 1889 nomine

1144 1925 1416 2004 aquilam.

1060 2394 1282 2455 XLIX.
1326 2393 1444 2455 Ubi
1511 2394 1688 2473 gallio
1743 2395 2057 2472 proconsul

1139 2489 1325 2550 noluit
1365 2488 1567 2549 audire
1601 2487 1844 2550 iudaeos
1885 2506 2057 2549 accu-

1140 2594 1334 2644 santes
1362 2581 1618 2660 paulum.

1057 2963 1127 3025 L.
1171 2964 1290 3025 Ubi
1318 2965 1519 3043 apollo
1556 2966 1799 3026 ueniens
1834 2965 2057 3026 esesum

1138 3058 1510 3137 praedicabat
1549 3058 1829 3120 christum
1867 3071 1926 3120 et
1966 3078 2058 3121 su-

1141 3153 1488 3230 perueniens
1516 3153 1725 3231 paulus
1752 3152 1974 3214 esesum
2001 3165 2057 3214 et

1139 3248 1454 3325 baptizauit
1521 3247 1600 3308 ibi
1671 3247 1733 3307 in
1816 3250 2053 3310 nomine

1138 3341 1260 3402 iesu
1309 3342 1500 3403 christi
1549 3343 1651 3422 qui
1693 3344 2049 3420 baptismum

1049 3474 1079 3519 0
1139 3433 1408 3494 iohannis
1433 3445 1795 3512 acceperant.

1058 4090 1157 4163 LI.
1204 4089 1323 4152 Ubi
1370 4100 1758 4153 temtauerunt
1812 4092 2054 4171 quidam

1136 4185 1212 4246 de
1310 4185 1741 4247 circueuntibus
1838 4185 2058 4246 iudaeis

1138 4278 1375 4356 spiritus
1442 4279 1628 4339 malos
1695 4281 1757 4340 in
1818 4280 2057 4340 nomine

1137 4372 1358 4431 domini
1385 4372 1509 4433 iesu
1529 4373 1712 4433 eicere
1742 4382 1798 4432 et
1831 4372 2058 4433 confusi

1137 4475 1288 4526 sunt.

1122 4898 1286 4947 Notae
1306 4896 1379 4946 ad
1394 4896 1525 4946 codd.
1550 4896 1738 4946 ΒΕΘΚ
1759 4902 1846 4948 etc.

1056 4961 1283 5012 dionsius
1302 4961 1371 5021 S;
1403 4962 1662 5027 dionysius
1691 4963 1861 5014 nom.
1887 4963 2001 5013 Sab.

1058 5028 1261 5078 nomine
1283 5028 1504 5078 damaris
1523 5027 1653 5079 codd
1677 5035 1757 5093 ap.
1790 5028 1962 5079 Thone.

1126 5093 1184 5144 L.
1220 5093 1424 5157 galione
1446 5093 1538 5145 R‘.

1059 5159 1114 5208 S.
1141 5158 1301 5209 Petri.
1433 5160 1520 5209 uni
1543 5158 1578 5210 S
1600 5160 1715 5211 Sab.

1062 5303 1129 5353 ap
1240 5288 1337 5340 oS.
1456 5297 1517 5342 et
1530 5293 1870 5349 baptismate

1173 5352 1242 5401 11.
1275 5360 1588 5406 tentanerunt
1608 5356 1725 5408 Sab.

1062 5417 1225 5469 iudeis
1244 5433 1287 5470 c.
1304 5436 1311 5441 ·

1063 5484 1351 5535 immundos
1372 5484 1434 5535 U.

1911 4897 2186 4948 XLVIIII.
2219 4902 2439 4949 om.ub1
2461 4898 2525 4949 Θ.

2134 4978 2228 5015 om.
2252 4967 2567 5024 ariopazita
2588 4964 2653 5014 Θ.

1658 5109 1755 5147 om.
1791 5101 1982 5145 eutem
2018 5095 2065 5146 U
2087 5095 2203 5148 Sab.

1847 5159 1984 5211 iudei
2009 5161 2134 5221 ch
2177 5174 2329 5213 *ra-r.
2355 5160 2490 5211 inl<

1129 5223 1214 5272 LI.
1248 5227 1319 5273 de
1348 5226 1555 5275 iudaeo
1597 5241 1711 5275 cum
1746 5226 1834 5275 ΒΘ
1857 5242 1883 5276 ι·
1929 5225 2100 5290 iudeo)
2131 5225 2302 5278 Thone.
2335 5226 2469 5288 Sub„

2350 702 2458 764 CA
2467 701 2807 762 PITULA
2861 701 2974 761 IN

2170 869 2548 986 Bfssxsssum
2584 871 2715 921 codd.
2769 870 2888 922 Uat.
2924 883 3074 934 422¹,
3111 872 3161 920 S.

2279 952 2349 985 au
2372 953 2412 999 ι,

2232 1067 2479 1117 Sabatier.

2166 1334 2484 1395 XLVIIII.
2523 1335 2642 1396 Ubi
2671 1336 2908 1415 quidam
2938 1337 3042 1396 uiri
3066 1337 3167 1396 ad-

2248 1431 2555 1491 haerentes
2591 1431 2769 1508 paulo
2804 1430 3167 1492 crediderunt

2247 1534 2304 1583 et
2348 1523 2629 1584 dionisius
2670 1525 2986 1602 ariopagita
3027 1543 3162 1585 cum

2246 1636 2426 1679 uxore
2457 1636 2578 1679 sua.

2160 2395 2232 2457 L.
2278 2397 2551 2459 Gallione
2588 2409 2785 2458 autem
2814 2398 3164 2476 proconsule

2241 2492 2481 2552 achaiae
2551 2491 2979 2552 insurrexerunt
3041 2510 3165 2552 uno

2243 2586 2442 2644 animo
2473 2585 2663 2645 iudaei
2694 2587 2752 2645 in
2780 2585 3038 2662 paulum.

2162 2965 2264 3029 LI.
2318 2972 2413 3031 De
2453 2939 2677 3030 iudaeo
2717 2969 2912 3048 apollo
2958 2981 3015 3030 et
3061 2972 3162 3031 ba-

2242 3062 2516 3140 ptismate
2544 3062 2829 3125 iohannis.

2160 4093 2294 4156 LII.
2323 4094 2442 4156 Ubi
2464 4106 2892 4175 temptauerunt
2921 4097 3160 4177 quidam

2239 4200 2299 4251 et
2325 4191 2399 4251 de
2427 4192 2922 4253 circumeuntibus
2944 4193 3166 4254 iudaeis

2243 4285 2561 4345 exorcistis

2335 5095 2509 5147 achaie
2532 5095 2608 5174 R.
2628 5094 2846 5160 achayae
2868 5111 2894 5145 c
2914 5095 3030 5145 Sab.

2584 5177 2603 5211 ι
2621 5167 2672 5210 et
2688 5176 2784 5212 om.
2806 5164 2870 5211 in
2891 5165 3139 5220 paulum.

2484 938 2541 988 S.
2599 937 2759 997 Petri,
2833 939 2976 987 Orat.
3030 937 3172 1000 apud

2240 1002 2602 1062 Thomu-riuum
2644 1003 2742 1052 cad.
2780 1003 2921 1053 Corb.
2967 1016 2993 1050 2
3033 1001 3174 1067 apud

3119 5359 3402 5411 om.deK.

3721 867 3813 917 CT

3350 1187 3496 1267 cod.)
3511 1198 3570 1246 et
3589 1187 3647 1245 in
3665 1186 3945 1263 ariopago
3966 1184 4040 1246 de
4062 1185 4267 1264 ignoto

3350 1281 3484 1342 deo.

3269 1640 3494 1703 XLIII.
3527 1641 3742 1702 Paulus
3759 1641 4087 1702 corinthum
4109 1640 4268 1700 uenit

3348 1737 3446 1797 ubi
3489 1737 3710 1796 inuenit
3746 1735 4001 1814 aquilam
4044 1745 4103 1795 et
4151 1735 4267 1811 pri-

3350 1830 3567 1890 scillam
3606 1848 3741 1891 cum
3782 1831 3996 1909 quibus
4034 1839 4093 1889 et
4136 1847 4267 1907 pre-

3319 1907 3502 1985 'dicat
3556 1934 3613 1984 et
3668 1936 3853 1984 artem
3920 1935 4150 1984 exercet
4207 1923 4267 1981 in

3347 2019 3589 2078 domum
3660 2019 3742 2078 titi
3813 2019 4139 2096 conmigrat
4210 2028 4268 2077 et

3349 2114 3571 2190 crispus
3603 2113 4041 2192 arcisinagogus
4069 2111 4267 2173 credit.

3268 2396 3526 2458 XLIIII.
3561 2396 3809 2458 Paulum
3825 2395 4101 2456 dominus
4125 2414 4266 2457 con·

3348 2491 3518 2553 fortat
3547 2504 3714 2552 nocte
3753 2509 3857 2569 per
3884 2491 4076 2550 uisum
4114 2489 4267 2550 iudei

3349 2586 3586 2664 paulum
3628 2584 3865 2663 gallioni
3899 2595 4178 2646 accusant
4210 2595 4269 2645 et

3350 2689 3646 2739 sostenem
3710 2679 3924 2739 cedunt
3978 2689 4114 2739 ante
4170 2679 4266 2738 tri-

3348 2772 3526 2833 bunal
3557 2771 3889 2852 (-nalem*).

3267 2957 3456 3018 XLV.
3501 2957 3714 3019 Paulus
3758 2958 4020 3019 ciuitates
4068 2958 4269 3019 circuit

3348 3063 3405 3113 et
3432 3054 3506 3114 de
3535 3053 3732 3131 apollo
3756 3063 3816 3113 et
3844 3053 4104 3114 doctrina
4124 3054 4266 3113 eiuS.

3266 3520 3486 3582 XLVI.
3533 3522 3749 3583 Paulus
3791 3523 4071 3601 ephesum
4108 3522 4268 3582 uenit

3348 3628 3406 3678 et
3486 3618 3802 3695 interrogat
3881 3617 3929 3677 si
4006 3616 4268 3695 spiritum

3348 3722 3615 3773 sanctum
3717 3712 4078 3789 accepissent
4166 3712 4268 3771 ubi

3349 3806 3547 3867 denuo
3596 3807 3871 3866 babtizati
3918 3806 4134 3883 linguis
4181 3804 4266 3865 lo·

3348 3912 3566 3980 quntur
3611 3912 3670 3961 et
3719 3900 3791 3961 de
3840 3902 4045 3961 ceteris
4092 3901 4266 3961 uirtu-

3347 3997 3504 4057 tibus
3546 3994 3724 4073 pauli.
3959 4024 3964 4029 ·

3267 4088 3517 4149 XLVII.
3537 4089 3632 4150 De
3653 4090 3742 4150 his
3757 4091 3860 4168 qui
3880 4090 4268 4151 temtaberunt

3349 4186 3410 4243 in
3453 4185 3692 4245 nomine
3727 4202 3850 4262 quo
3887 4184 4095 4262 paulus
4136 4203 4268 4266 pre-

3350 4279 3503 4339 dicat
3528 4279 3715 4340 eicere
3748 4279 4106 4339 demonium.

2659 4900 3031 4949 adhaerentes
3054 4898 3194 4948 BOR
3218 4897 3429 4962 (adaer.)
3456 4896 3626 4948 Thena
3649 4898 3796 4948 Sab.=
3829 4898 3998 4950 adher.
4021 4898 4202 4950 FKSU
4223 4913 4265 4948 c.

2788 4979 2892 5015 sua
2928 4976 2967 5015 4-
3003 4964 3212 5015 credidit
3234 4963 3295 5014 R.
3434 4971 3531 5030 pro
3551 4979 3727 5015 uxore
3748 4979 3851 5015 sua
3870 4965 4043 5030 legunt
4062 4964 4268 5015 muliere

3161 5095 3236 5145 ad
3251 5097 3688 5147 insurrexerunt
3722 5095 3820 5147 inc.
3850 5102 3953 5161 cap.
3976 5097 4047 5147 LI
4071 5096 4130 5146 in
4160 5094 4262 5146 cod.

2545 5241 2574 5277 e
2607 5226 2808 5292 quidam
2841 5227 2992 5277 indeo
3021 5227 3068 5276 R
3093 5244 3106 5277 ε
3137 5242 3241 5304 om..
3253 5230 3325 5278 de
3350 5227 3516 5287 FKS3
3548 5226 3720 5305 iufleus
3741 5226 3951 5305 ‘quidam
3981 5226 4180 5277 nomine
4201 5225 4265 5277 U.

1980 5293 2046 5343 bt.
2064 5297 2111 5350 c)
2126 5295 2393 5342 iohanni·
2413 5310 2426 5342 :
2460 5307 2559 5343 om.
2580 5292 2628 5342 Θ
2651 5308 2665 5354 ;
2700 5292 2896 5343 deuenit
2908 5292 3143 5358 ephesum
3160 5308 3245 5357 qm
3262 5300 3456 5344 tantum
3472 5293 3721 5359 bapnsma
3738 5293 3965 5343 iohannis
3980 5299 4185 5343 nouerat
4200 5291 4265 5345 U.

1418 5426 1480 5471 et
1518 5424 1590 5472 do
1624 5457 1638 5472 .
1674 5458 1687 5472 .
1722 5458 1737 5475 .
1771 5364 2109 5477 «noxiisve.
2131 5356 2440 5474 §3:²56ss
2471 5358 2758 5475 Qua:
2772 5357 2957 5475 1¹:2ch
2987 5424 3093 5475 iesu
3125 5423 3358 5475 inuocare
3390 5440 3537 5490 super
3568 5439 3655 5473 eos
3677 5423 3763 5489 qui
3795 5424 3998 5490 spiritus
4018 5424 4267 5474 habebunt

3567 5361 4047 5408 circumeuntibus
4075 5371 4114 5410 4-
4139 5374 4171 5408 a
4201 5357 4266 5409 Θ.
