4825 6525
1492 728 1629 787 DE
1672 725 1989 787 TEXTU
2031 723 2392 786 NOSTRO
2437 723 2550 785 IN
2587 723 3011 788 ACTIBUS.
3660 749 3758 792 xv

1454 949 1513 1015 3.
1602 940 1911 995 comens
1958 940 2283 992 TERTIAE
2325 940 2615 994 CLASSIS
2662 932 2743 1007 Θ,
2776 927 3073 993 KBVR.

885 1085 1166 1155 Saeculo
1196 1096 1433 1152 octauo
1469 1094 1760 1150 exeunte
1794 1095 1864 1151 et
1893 1104 2071 1148 nono
2110 1084 2380 1148 ineunte
2412 1083 2826 1148 recensiones
2862 1084 3037 1148 duae
3072 1082 3195 1148 sub
3229 1082 3510 1166 imperio
3541 1083 3760 1149 Karo-

751 1190 888 1256 lino
945 1192 1331 1269 extiterunt,
1376 1209 1507 1253 una
1564 1208 1606 1253 a
1666 1186 2060 1268 Theodulso,
2117 1187 2495 1270 Uisigotho,
2555 1185 3017 1252 Aurelianensi
3080 1187 3412 1269 episcopo,
3462 1187 3761 1252 confecta

751 1292 937 1382 (uide
982 1295 1034 1371 Ι,
1078 1315 1143 1378 p.
1193 1290 1360 1377 719),
1406 1293 1616 1359 altera
1663 1294 1751 1357 ab
1796 1291 2109 1357 Alcuin0.
2202 1291 2636 1356 Recensionis
2682 1291 3211 1356 Theodulfianae
3255 1300 3759 1357 monumentum
3873 1319 3876 1322 ·

753 1398 1073 1463 eximium
1106 1405 1205 1462 est
1236 1399 1315 1478 Θ,
1350 1396 1460 1478 qui
1492 1416 1534 1460 a
1564 1394 1920 1478 Uisigotho
1950 1396 2220 1460 homine
2250 1394 2625 1459 confectum
2666 1413 2988 1476 magnam
3024 1414 3175 1459 cum
3209 1394 3328 1460 CT
3362 1395 3758 1460 affinitatem

751 1501 992 1578 habet3
1039 1499 1352 1566 lectiones
1379 1509 1601 1564 tamen
1631 1499 1908 1563 subinde
1937 1499 2333 1582 antiquiores
2363 1497 2673 1563 ostendit
2702 1507 2770 1562 et
2801 1517 2954 1562 cum
2988 1498 3054 1562 D
3081 1508 3148 1563 et
3173 1498 3236 1563 O
3260 1499 3760 1564 concordantes,

751 1605 1071 1670 Codicem
1100 1604 1527 1669 Aniciensem
1559 1601 1934 1681 Theodulfi,
1963 1601 2175 1667 forma
2204 1620 2414 1682 paene
2443 1600 2833 1683 gemellum,
2865 1621 2999 1667 non
3028 1599 3452 1665 contulimus.

884 1707 1307 1772 Recensionis
1336 1705 1791 1782 Alcuinianae,
1819 1725 1991 1789 quae
2028 1706 2093 1769 in
2124 1704 2413 1769 Actibus
2447 1723 2489 1768 a
2525 1705 2755 1773 codice
2800 1705 3114 1772 Fuldensi
3160 1705 3459 1769 maxime
3497 1704 3761 1788 pendet,

750 1819 906 1876 sunt
936 1810 1217 1890 KBVR,
1248 1831 1416 1894 quos
1446 1809 1680 1874 ordine
1708 1808 2025 1873 bonitatis
2060 1809 2147 1872 ad
2178 1807 2378 1871 huius
2411 1806 2564 1872 libri
2611 1816 2876 1874 textum
2910 1807 3456 1872 constituendum
3490 1827 3761 1872 enume-

751 1932 990 1979 ramus.
1080 1913 1431 1979 Mirabitur
1458 1924 1636 1985 certe
1671 1914 1879 1977 lector
1910 1910 2427 1978 Uallicellanurn
2467 1909 2604 1999 (V),
2637 1913 2751 1995 qui
2786 1911 3181 1980 recensionis
3213 1910 3661 1976 Alcuinianae
3692 1911 3761 1973 in

753 2017 1139 2102 Euangeliis
1176 2038 1413 2101 agmen
1459 2017 1662 2096 ducit,
1693 2036 1828 2081 non
1869 2015 2088 2099 primo
2131 2014 2279 2080 loco
2321 2016 2440 2080 sed
2490 2017 2685 2080 tertio
2730 2013 3056 2082 collocari.
3146 2012 3280 2080 Sed
3326 2016 3761 2079 obseruamus

751 2121 1070 2186 editorem
1116 2123 1183 2185 in
1227 2121 1532 2205 capitulis
1562 2121 1582 2185 i
1615 2128 1684 2186 et
1713 2121 1757 2185 ii
1788 2119 2263 2203 praestantiam
2309 2119 2556 2184 codicis
2596 2119 2653 2182 F
2655 2118 2952 2194 uidensis
2994 2119 3060 2181 in
3108 2119 3320 2201 prima
3360 2116 3508 2181 libri
3556 2114 3761 2181 nostri

754 2232 943 2307 parte
978 2244 1110 2290 non
1148 2226 1377 2289 statim
1407 2222 1933 2306 deprehendisse,
1965 2230 2033 2285 et
2078 2229 2346 2286 textum
2379 2220 2820 2285 Amiatinum
2852 2222 2972 2304 qui
3020 2222 3085 2285 in
3131 2218 3442 2304 capitulis
3487 2219 3662 2284 i—viii
3693 2227 3763 2283 et

751 2328 1045 2405 xiv-xvi,
1064 2336 1139 2390 ut
1168 2327 1460 2407 dicimus»,
1491 2325 1759 2390 minoris
1790 2324 2112 2388 momenti
2141 2331 2260 2406 est,
2283 2325 2567 2407 propius
2598 2332 2922 2388 secutum.
3007 2322 3402 2387 Notandum
3428 2332 3528 2387 est
3559 2323 3760 2387 etiam

751 2429 1257 2515 capitulationes
1288 2428 1362 2505 F,
1395 2427 1536 2505 SU,
1569 2431 1645 2507 Θ,
1679 2427 1876 2498 KBR
1906 2426 2175 2493 easdem
2207 2448 2348 2493 esse
2385 2447 2402 2505 ;
2449 2427 2564 2492 sed
2612 2424 3126 2509 capitulationes
3156 2425 3402 2491 codicis
3430 2424 3498 2490 V
3533 2425 3760 2508 singu-

753 2532 920 2599 lares
949 2542 1121 2613 sunt,
1144 2551 1357 2616 neque
1387 2550 1538 2597 cum
1569 2530 1672 2595 his
1701 2551 1914 2616 neque
1942 2551 2095 2602 cum
2117 2529 2477 2600 Amiatinis
2508 2529 2643 2595 ullo
2691 2530 2894 2595 modo
2925 2529 3355 2595 concordant.

1358 2737 1422 2796 4.
1511 2729 1764 2784 conssx
1810 2729 2108 2784 TEx‘rus
2155 2728 2398 2781 MEmo
2444 2729 2652 2783 AEuo
2704 2729 3006 2782 US1TAT1
3051 2716 3162 2780 W.

886 2875 994 2939 De
1058 2874 1186 2938 hoc
1243 2872 1473 2938 codice
1529 2892 1571 2936 a
1636 2870 1952 2936 Willelmo
2006 2873 2090 2937 de
2153 2871 2381 2950 HaleS,
2434 2893 2556 2956 pro
2616 2871 2880 2936 Thoma
2940 2871 3026 2935 de
3084 2872 3151 2936 la
3203 2871 3380 2938 Wile
3441 2873 3761 2956 magistro

752 2976 1123 3044 scholarum
1155 2974 1395 3041 Sarum
1414 2991 1483 3041 A.
1507 2990 1579 3040 D.
1605 2991 1776 3059 1254
1797 2976 2058 3059 script0,
2079 2996 2293 3059 pauca
2324 2985 2587 3041 tantum
2617 2974 2899 3040 dicenda
2923 2984 3090 3039 sunt.
3169 2975 3267 3041 Ut
3288 2975 3353 3039 in
3381 2975 3761 3059 Euangeliis

754 3078 1045 3145 ostendit
1078 3088 1345 3144 textum
1387 3077 1933 3144 scholasticorum
1976 3079 2178 3146 medii
2222 3078 2372 3144 aeui
2411 3076 2716 3143 manibus
2760 3079 3033 3155 tritum;
3080 3088 3265 3143 amat
3303 3079 3762 3148 additamenta

755 3193 822 3249 et
852 3183 1164 3250 lectiones
1193 3182 1654 3262 occidentales,
1685 3191 1753 3248 et
1782 3182 2165 3267 saepissime
2196 3203 2349 3249 cum
2380 3183 2613 3249 codice
2645 3183 2864 3247 mixto
2894 3205 2930 3248 c
2958 3183 3334 3251 concordat.

2046 3490 2277 3568 CAP.
2334 3490 2466 3567 IV.

1328 3691 1480 3769 DE
1538 3693 1930 3771 TEXTU
1993 3694 2448 3772 NOSTRO
2509 3694 2626 3770 IN
2687 3691 3194 3770 ACTIBUS.

888 3864 1003 3931 Ex
1040 3865 1145 3933 his
1178 3887 1351 3952 quae
1384 3889 1587 3953 supra
1621 3888 1816 3954 capp.
1849 3868 1882 3932 1
1919 3878 1989 3934 et
2022 3868 2128 3932 111
2167 3868 2567 3948 notauimus,
2601 3870 3023 3953 perspicuum
3062 3869 3184 3935 erit
3221 3869 3467 3950 lectori,
3496 3869 3758 3936 codices

755 3979 1017 4036 nostros
1049 3970 1115 4036 in
1145 3970 1434 4037 Actibus
1470 3970 1537 4035 in
1566 3972 1734 4037 duas
1777 3969 1884 4036 uel
1928 3970 2147 4036 forsan
2186 3980 2321 4035 tres
2362 3990 2640 4056 magnas
2678 3971 2956 4037 familias
2999 3972 3212 4036 diuidi
3253 3992 3451 4056 posse
3480 3992 3757 4057 quarum

755 4074 970 4156 prima
1001 4083 1261 4140 constat
1290 4094 1380 4140 ex
1414 4070 1941 4163 GA(D)1M(0),
1962 4074 2256 4139 secunda
2285 4094 2375 4139 ex
2407 4071 3092 4163 FSU(o)KBVRW,
3115 4075 3311 4141 tertia
3338 4097 3430 4142 ex
3453 4075 3573 4141 CT
3603 4094 3756 4139 cum

754 4176 998 4260 quibus
1041 4198 1242 4262 saepe
1286 4178 1774 4264 coniunguntur
1817 4180 1897 4258 Θ,
1925 4187 1993 4243 et
2040 4172 2173 4244 DO
2220 4178 2335 4262 qui
2377 4175 2536 4243 licet
2581 4177 2814 4243 maiori
2861 4197 2949 4242 ex
2993 4188 3187 4261 parte
3230 4200 3380 4245 cum
3413 4178 3759 4244 Amiatino

755 4279 1020 4361 saciant,
1070 4290 1296 4346 tamen
1347 4280 1456 4346 hic
1505 4281 1638 4347 illic
1688 4280 1877 4365 quasi
1932 4280 2122 4347 initia
2172 4280 2570 4346 uarietatum
2626 4280 2886 4347 illarum
2938 4281 3258 4348 exhibent
3305 4301 3476 4366 quae
3526 4290 3762 4366 postea

757 4382 966 4469 mag-is
1002 4383 1345 4470 magisque
1383 4382 1449 4449 in
1490 4384 1830 4451 codicibus
1873 4383 2257 4470 Hispanicis
2299 4385 2742 4452 inueniuntur.
2832 4386 2969 4452 Sed
2997 4407 3089 4451 ex
3120 4384 3226 4452 his
3255 4385 3466 4452 tribus
3491 4383 3758 4451 familiis

756 4487 970 4570 prima
999 4497 1067 4553 et
1095 4488 1382 4553 secunda
1412 4488 1605 4555 nobis
1635 4487 1701 4554 in
1733 4497 1929 4554 textu
1961 4489 2727 4555 constituendo'maioris
2759 4490 3078 4555 momenti
3109 4501 3281 4554 sunt.

890 4588 1063 4655 Cum
1094 4599 1319 4657 autem
1355 4592 1483 4657 hae
1524 4593 1813 4659 familiae
1857 4591 2240 4676 saepissime
2281 4592 2345 4658 in
2389 4601 2615 4678 partes
2657 4604 2831 4675 eant,
2863 4614 2996 4659 non
3040 4593 3408 4658 iudicamus
3450 4591 3622 4657 hanc
3652 4590 3758 4657 uel

757 4692 938 4759 illam
986 4712 1250 4779 semper
1298 4697 1708 4779 sequendam
1762 4715 1923 4762 esse.
2048 4696 2267 4762 Immo
2311 4715 2472 4761 uero
2524 4714 2698 4761 nunc
2748 4695 2916 4762 hanc
2967 4715 3140 4762 nunc
3190 4694 3371 4761 illam
3421 4695 3763 4779 sequimur

758 4799 1126 4862 secundum
1155 4798 1418 4882 regulas
1453 4821 1495 4864 a
1526 4798 1719 4864 nobis
1751 4800 1818 4865 in
1850 4800 2345 4883 euangeliorum
2376 4807 2572 4865 textu
2610 4800 3071 4866 constituendo
3102 4800 3473 4884 propositas
3491 4797 3674 4885 (uide
3705 4798 3760 4878 Ι,

755 4918 871 4983 pp.
904 4900 1249 4985 725-732).
1338 4901 1612 4967 Plurimi
1647 4911 1802 4969 sunt
1842 4902 1969 4968 loci
2012 4902 2125 4967 ubi
2166 4901 2519 4967 lectionem
2561 4921 2734 4985 quae
2771 4922 2922 4967 cum
2965 4903 3234 4985 graecis,
3267 4912 3333 4968 et
3374 4900 3759 4986 praesertim

756 5024 910 5068 cum
953 5004 1207 5088 graecis
1252 5005 1713 5070 uetustissimis
1748 5005 2130 5084 concordet,
2160 5005 2593 5088 praetulimus
2612 5003 2659 5068 ¹.
2754 5005 2883 5069 His
2922 5005 3232 5088 proxime
3270 5005 3590 5070 accedunt
3631 5002 3759 5070 loci

755 5106 1130 5190 complures
1170 5107 1280 5171 ubi
1316 5107 1667 5173 lectionem
1697 5127 1868 5193 quae
1912 5127 2227 5191 graecum
2261 5107 2495 5173 melius
2533 5107 2736 5173 latine
2769 5108 3004 5173 reddat
3044 5107 3240 5172 simili
3282 5107 3536 5173 ratione
3569 5126 3757 5172 acce-

852 5272 872 5302 ¹
903 5288 1008 5339 mg.
1032 5273 1067 5325 1.
1096 5284 1155 5339 17
1178 5276 1328 5336 quia,
1352 5273 1404 5325 ii.
1425 5288 1459 5339 4
1480 5277 1623 5339 aliis,
1645 5276 1717 5327 iii.
1744 5290 1799 5325 11
1831 5291 1965 5327 oum
1985 5282 2212 5327 teneret
2234 5283 2440 5339 autem,
2469 5277 2534 5327 iv.
2561 5289 2624 5341 24
2650 5278 2822 5328 doum
2845 5275 2929 5343 (cf.
2955 5276 3021 5326 vi.
3047 5286 3093 5342 7,
3117 5277 3203 5327 vii.
3228 5276 3300 5341 7),
3324 5291 3371 5326 v.
3397 5276 3428 5326 8
3451 5280 3592 5327 mihi
3623 5277 3756 5343 (sine

756 5338 979 5401 mulier),
1005 5353 1069 5404 34
1092 5343 1367 5401 homines,
1394 5354 1456 5406 39
1481 5345 1764 5403 poteritis,
1797 5342 1904 5393 viii.
1935 5341 1999 5404 36
2027 5345 2192 5404 quid,
2214 5342 2281 5392 ix.
2307 5357 2334 5405 5
2362 5346 2717 5401 persequens
2744 5342 2875 5405 (sine
2902 5341 3063 5407 σάω,
3087 5357 3150 5405 ²9
3170 5346 3509 5402 loquebatur
3527 5358 3754 5402 quoque

759 5405 892 5458 (sine
925 5406 1197 5471 gentibus),
1231 5405 1332 5456 xiv.
1372 5419 1429 5470 ¹5
1460 5413 1666 5457 terram
1699 5412 1776 5469 et,
1808 5424 1889 5457 xv.
1924 5422 1950 5456 2
1984 5423 2058 5459 ex
2088 5410 2230 5471 inis,
2263 5409 2360 5458 xix.
2398 5406 2431 5457 6
2462 5422 2683 5469 manus,
2717 5423 2750 5472 9
2781 5411 3015 5466 manni
3049 5407 3179 5472 (sine
3207 5407 3364 5473 adal),
3399 5422 3460 5472 23
3493 5413 3593 5459 ula
3624 5408 3753 5473 (sine

756 5469 920 5534 add),
942 5470 1042 5521 xxi.
1064 5471 1095 5521 8
1119 5477 1242 5522 erat
1276 5472 1406 5538 (sine
1434 5471 1598 5537 adan),
1620 5472 1757 5524 xxiii.
1788 5475 1847 5523 18
1878 5489 2109 5534 uocans,
2138 5485 2196 5522 21
2222 5477 2297 5534 ei,
2319 5474 2471 5524 xxvii.
2500 5488 2526 5523 2
2549 5476 2952 5533 incipientem:
2987 5473 3106 5525 uide
3126 5474 3280 5523 ett'am
3312 5480 3469 5540 supra
3481 5480 3535 5537 p.
3560 5475 3665 5524 xiii.
