4825 6525
1091 860 1140 908 V

696 1172 928 1232 Iudaeis
964 1181 1022 1231 et
1049 1172 1122 1232 de
1152 1170 1443 1234 Gentibus
1470 1189 1612 1233 con-

695 1274 929 1326 uertunt
968 1265 1056 1332 ad,
1081 1265 1255 1326 fidem
1283 1286 1297 1326 ε
1341 1266 1442 1327 sed
1482 1266 1610 1326 infi-

696 1359 912 1419 delium
978 1362 1201 1438 impetu
1273 1360 1608 1438 propulsati,

696 1452 965 1531 Lystram
993 1464 1199 1533 petunt
1225 1465 1284 1514 et
1311 1454 1567 1515 Derben.

1699 691 1998 757 ACTUS
2036 692 2738 761 APOSTOLORUM.

1850 862 1925 914 M.
1949 863 2128 913 Bam.
2152 864 2216 914 A.
2241 864 2285 914 1.
2311 876 2359 930 7,
2381 866 2511 916 Met.
2537 875 2582 929 7·

1797 1178 1918 1255 puli
1959 1179 2275 1257 aliquando
2321 1182 2583 1258 requiem
2624 1180 2711 1240 in-

1797 1273 2040 1333 ueniunt
2129 1273 2536 1366 insecutiones.
2612 1274 2712 1334 ali-

1795 1366 2034 1445 quando
2065 1368 2375 1445 patiuntur.

3739 713 3816 760 21

613 1547 904 1608 XXXIII.
945 1548 1112 1609 Idem
1149 1549 1359 1609 docent
1394 1550 1455 1607 in
1494 1548 1609 1626 Ly·
1713 1546 1969 1607 XXXV.
2010 1546 2101 1609 De
2130 1551 2317 1626 grecis
2345 1551 2448 1627 qui
2483 1550 2710 1627 magni-
2818 1559 3081 1620 XXIIII,
3123 1561 3336 1622 Paulus
3379 1562 3439 1621 in
3481 1562 3668 1640 lystn's
3705 1562 3823 1623 clo-

696 1643 844 1714 striS,
876 1642 978 1703 ubi
1015 1642 1225 1703 claudo
1267 1651 1470 1703 curato
1507 1661 1610 1720 per

697 1734 961 1809 Paulum,
1005 1735 1086 1795 dii
1130 1746 1267 1796 sunt
1302 1736 1606 1809 aestimati,

692 1839 750 1889 et
790 1829 890 1889 uix
933 1832 1130 1890 turbas
1158 1848 1234 1889 ne
1262 1830 1370 1890 sibi
1398 1831 1607 1891 immo-

691 1924 810 1986 lent
839 1925 1059 1986 sedant.

612 2017 897 2078 XXXIV.
942 2018 1239 2080 Commoti
1283 2037 1321 2079 a
1374 2019 1607 2079 Iudaeis

690 2112 954 2174 Licaonii
1016 2112 1274 2190 lapidant
1321 2113 1605 2173 Paulum:

689 2207 792 2285 qui
838 2207 1174 2268 refocilatus
1228 2225 1265 2266 a
1321 2207 1460 2277 suis,
1516 2208 1606 2266 ni·

691 2301 1006 2362 hilominus
1072 2311 1285 2362 cuncta
1337 2299 1606 2362 docendo

690 2404 1059 2473 peruagatur.

607 2766 861 2827 XXXV.
902 2766 1265 2828 Docentibus
1297 2768 1358 2826 in
1396 2769 1604 2829 Antio-

687 2861 819 2922 chia
900 2860 1406 2940 pseudoapostolis
1487 2882 1606 2923 cre·

687 2956 892 3016 dentes
930 2974 1003 3016 ex
1034 2955 1326 3017 Gentibus
1353 2957 1598 3017 circum-

686 3050 801 3110 cidi
835 3048 1064 3122 debere,
1112 3049 1323 3110 Paulus
1360 3061 1419 3111 et
1459 3050 1601 3111 Bar·

686 3149 870 3208 nabas
924 3166 1036 3226 pro
1091 3146 1201 3208 hac
1258 3151 1600 3227 quaestione

687 3241 1164 3322 Hierosolymam
1199 3237 1595 3306 destinantur:

684 3338 785 3398 ubi
812 3337 1018 3398 eadem
1045 3339 1388 3417 quaestione
1415 3350 1596 3410 mota,

684 3432 747 3491 fit
773 3430 1119 3501 Conuentus
1146 3432 1596 3510 Apostolorum3

684 3536 744 3585 et
784 3525 1072 3586 missa-ad
1109 3525 1308 3586 fratres
1333 3527 1597 3604 epistola,

681 3620 820 3696 quid
837 3619 1143 3698 Euangelii
1157 3621 1371 3681 ueritas
1387 3619 1599 3682 habeat

682 3713 946 3774 edocent.

1796 1642 1991 1701 tudine
2040 1643 2197 1702 suasi
2247 1643 2522 1703 uirtutum
2570 1644 2712 1705 deos

1793 1753 1921 1795 esse
1975 1736 2277 1813 apostolos
2342 1747 2710 1814 putauerunt.

1791 1830 1891 1907 qui
1933 1832 2204 1907 grauiora
2255 1831 2634 1909 postmodum
2674 1851 2712 1891 a

1792 1923 2013 1983 iudaeis
2042 1925 2264 2001 experti
2294 1934 2446 1985 sunt.

1711 2015 1995 2077 XXXVI.
2079 2017 2173 2078 De
2255 2020 2450 2096 regnis
2521 2019 2752 2080 caele-.

1791 2112 1975 2172 stibus
2013 2130 2167 2189 quae
2206 2114 2350 2174 citra
2393 2114 2709 2174 tribulatio-

1790 2224 1928 2264 nem
1971 2202 2272 2289 [adipisci]
2314 2207 2508 2267 nullus
2546 2225 2709 2286 prae·

1789 2299 2007 2359 ualeret
2035 2301 2286 2363 introire.
2363 2314 2423 2361 et
2451 2301 2523 2361 de
2551 2300 2710 2361 falsis

1790 2391 2151 2476 doctoribus·
2167 2394 2268 2472 qui
2315 2393 2389 2453 ad
2427 2394 2710 2454 culturam

1790 2486 1933 2565 legis
1986 2488 2200 2548 ueteris
2261 2488 2459 2549 denuo
2513 2486 2709 2549 christi

1789 2580 2105 2659 discipulos
2135 2581 2443 2659 pellebant.

1708 2759 2028 2825 XXXVIL
2075 2762 2167 2823 De
2204 2763 2450 2842 epistula
2477 2773 2707 2841 aposto-

1785 2857 1977 2916 lorum
1995 2875 2108 2936 per
2126 2875 2305 2936 quam
2326 2869 2706 2937 preceperunt

1787 2949 1902 3029 legi
1938 2951 2090 3012 mosi
2130 2969 2255 3012 non
2291 2969 2421 3013 esse
2448 2952 2701 3013 seruien-

1785 3044 1946 3106 dum.

2899 1655 3039 1715 dum
3054 1667 3230 1715 curat.
3273 1665 3330 1714 et
3345 1656 3507 1735 quod
3522 1657 3822 1717 barnaban

2899 1751 3096 1809 iouem
3124 1761 3182 1810 et
3211 1748 3452 1827 paulum
3473 1752 3824 1811 mercurium

2897 1853 3105 1921 putant
3131 1862 3280 1904 esse.

2817 2024 3013 2085 XXV.
3098 2024 3194 2084 Ex
3249 2025 3607 2087 antiochiam
3663 2028 3825 2086 ueni-

2894 2128 3059 2179 entes
3102 2162 3116 2179 .
3155 2120 3350 2181 iconio
3392 2166 3406 2180 .
3448 2119 3637 2182 iudaei
3679 2120 3823 2198 lapi-

2889 2214 3041 2274 dant
3078 2213 3336 2292 paulum.

2817 3841 3046 3904 XXVI.
3117 3840 3369 3905 Iacobus
3421 3834 3598 3907 do'cet
3637 3845 3814 3906 absti-

2895 3956 3034 3998 nere
3078 3939 3156 3999 ab
3204 3938 3362 4000 idola
3403 3982 3420 3999 .
3461 3950 3521 4000 et
3563 3938 3811 4001 fornica-

2896 4033 3071 4093 tione.

2814 4314 3071 4378 XXVII.
3102 4315 3371 4395 Apostoli
3387 4314 3607 4394 eligunt
3616 4312 3811 4395 (·gant

2892 4409 3034 4493 cor.)
3042 4428 3194 4490 quos
3211 4411 3442 4471 mittant
3456 4409 3809 4471 antiochiam

2891 4523 3025 4565 cum
3053 4505 3266 4565 litteris.

597 4685 881 4746 XXXVI.
928 4685 1228 4748 Barnabas
1249 4699 1487 4767 propter
1505 4688 1600 4749 Io·
1704 4685 2053 4747 XXXVIII.
2167 4685 2260 4748 De
2337 4688 2705 4767 separatione
2809 4686 3101 4748 XXVIII.
3144 4688 3359 4750 Paulus
3411 4698 3471 4748 et
3526 4687 3695 4747 sileas
3737 4687 3806 4746 ti-

677 4779 932 4840 hannem
972 4780 1280 4842 discedens
1313 4801 1349 4842 a
1393 4782 1598 4854 Paulo,

1782 4782 2080 4842 barnabae
2126 4799 2163 4841 a
2215 4781 2394 4860 paulo
2441 4793 2500 4842 et
2545 4782 2704 4860 pauli

659 4955 821 5004 Notae
840 4953 913 5002 ad
926 4954 1058 5003 codd.
1081 4954 1153 5004 M.
1175 4960 1259 5004 etc.
1326 4955 1606 5005 xxxlm.
1643 4957 2025 5006 insecutione·
2039 4955 2238 5021 panim
2258 4955 2479 5006 euanm‘t
2497 4953 2558 5003 in
2580 4954 2654 5004 M.

658 5018 860 5070 XXXV
881 5019 1163 5084 (XXXIIII
1186 5020 1350 5085 Mea).
1384 5024 1520 5071 deos
1532 5021 1733 5085 partim
1747 5021 1966 5070 amnuit
1981 5020 2055 5071 M.

593 5085 773 5137 Bamb.

657 5149 886 5201 XXXVI
911 5149 1136 5215 (XXXV
1157 5148 1322 5214 Asea).
1355 5150 1445 5203 cel.
1470 5151 1652 5203 Bamb.
1713 5217 1725 5229 ι
1782 5167 1880 5219 que
1900 5150 2077 5202 Banab.

2888 4783 3188 4844 motheum
3216 4766 3715 4844 circumciderunt.

2173 5025 2536 5081 postmodum
2555 5019 2772 5099 musfa?
2793 5021 2853 5070 in
2875 5021 2949 5071 M.
3064 5034 3158 5071 om.
3179 5034 3215 5071 a
3229 5019 3409 5072 Bamb.
3426 5020 3550 5070 Met.
3672 5016 3802 5069 inde.

2201 5155 2347 5202 citro
2370 5167 2385 5199 t
2417 5151 2550 5201 circa
2571 5149 2750 5201 Bamb.

2882 5148 3203 5200 tribulatione
3223 5149 3282 5199 M
3304 5151 3431 5201 Met.
3562 5151 3802 5208 adipi-01

580 5223 742 5281 paene
760 5214 979 5266 cacanus?
999 5216 1056 5265 M
1073 5232 1089 5278 ς
1119 5222 1169 5264 et
1190 5231 1368 5265 reuera
1380 5216 1643 5267 delendum
1662 5217 1884 5279 sadatur,
1900 5232 2015 5267 cum
2033 5216 2244 5282 adipisci
2265 5222 2315 5267 et
2331 5217 2534 5266 introire
2553 5231 2619 5265 ex
2632 5216 2855 5265 ducamus
2879 5216 3142 5266 lectionum
3160 5215 3453 5281 constau’eme
3466 5214 3799 5277 derivatum

590 5282 709 5331 utile
728 5283 802 5330 ad
818 5283 914 5332 xiv.
940 5294 1017 5332 22.

1151 5281 1405 5346 praeualet
1425 5283 1604 5333 Bamb.
1626 5285 1750 5333 Met.

1881 5282 2446 5334 chri-timanuitm

2578 5281 2926 5346 conpellebant
2946 5281 3026 5331 M‘·
3045 5282 3173 5333 Met.

656 5346 915 5398 XXXVII
940 5347 1194 5413 (XXXVI
1217 5348 1380 5412 Alea).
1415 5348 1624 5413 epistola
1648 5349 1704 5398 M
1723 5347 1904 5398 Bamb.
2006 5362 2235 5413 praecep.
2255 5345 2380 5397 Met.
2479 5348 2630 5406 1031:
2662 5346 2882 5398 amnuit
2895 5348 2956 5397 in
2973 5347 3030 5397 M
3041 5363 3056 5408 ς
3090 5347 3199 5412 lege
3219 5348 3345 5399 Met.
3446 5346 3606 5412 moysi
3619 5345 3799 5398 Bamb.

592 5412 716 5463 Met.

656 5479 944 5531 xxxvm
970 5478 1251 5545 (xxxvn
1275 5479 1441 5543 Mea).
1484 5478 1699 5530 barnabe
1735 5479 1932 5543 Bam„
1972 5478 2191 5530 bameh:
2224 5477 2298 5527 M.

2465 5482 2637 5538 paulo
2659 5494 2674 5529 a
2705 5492 2836 5544 pauo
2868 5479 3049 5530 Bamb.
