4825 6525
1035 1215 1109 1279 V.
1151 1217 1270 1278 Ubi
1308 1213 1699 1276 testimonium
1730 1221 1924 1289 petrus
1954 1208 2028 1270 de

1115 1314 1235 1371 iesu
1266 1327 1553 1370 nazareno
1581 1306 1718 1367 dicit
1739 1306 1814 1365 ad
1842 1322 2029 1384 popu-

1113 1406 1253 1466 lum.

1030 1588 1137 1649 VI.
1167 1587 1287 1647 Ubi
1316 1586 1586 1646 dixerunt
1613 1583 1688 1644 ad
1715 1591 1945 1661 petrum
1970 1590 2029 1640 et

1114 1684 1191 1743 ad
1240 1682 1496 1761 reliquos
1544 1677 1842 1756 apostolos
1890 1674 2030 1752 quid

1113 1777 1394 1838 faciemus
1410 1773 1518 1834 uiri
1540 1773 1745 1832 fratres
1761 1778 1819 1831 et
1835 1779 2032 1846 petrus

1116 1873 1195 1933 ad
1232 1871 1357 1931 illos
1397 1868 1808 1947 paenitentiam
1848 1862 2031 1942 inquit

1115 1966 1285 2043 agite.

1034 2059 1174 2121 VII.
1216 2058 1334 2118 Ubi
1383 2057 1483 2138 qui
1531 2063 1871 2133 receperunt
1914 2070 2030 2112 ser-

1121 2171 1358 2214 monem
1389 2153 1513 2213 eius
1542 2149 1812 2227 baptizati
1838 2156 1988 2207 sunt.

1037 2638 1208 2700 VIII.
1248 2636 1368 2697 Ubi
1410 2645 1606 2714 petrns
1652 2643 1709 2693 et
1750 2629 2037 2691 iohannes

1117 2733 1511 2795 ascendebant
1550 2729 1610 2788 in
1648 2724 1928 2802 templum
1960 2720 2035 2782 ad

1119 2830 1328 2890 horam
1384 2822 1661 2886 orationis
1709 2835 1930 2880 nonam
1978 2825 2037 2875 et

1120 2926 1195 2985 de
1223 2920 1411 2984 clodo,

1045 3623 1155 3686 IX.
1197 3619 1318 3682 Ubi
1374 3626 1572 3697 petrus
1636 3622 1694 3675 et
1758 3607 2042 3672 iohannes

1126 3719 1433 3796 loquentes
1449 3712 1524 3773 ad
1542 3707 1823 3791 populum
1841 3721 2041 3781 super-

1130 3819 1414 3872 uenerunt
1447 3804 1778 3868 sacerdotes
1818 3809 1876 3859 et
1916 3814 2044 3856 ma-

1128 3907 1401 3984 gistratus
1470 3897 1667 3977 templi
1739 3899 2046 3955 tenuerunt

1128 4010 1350 4078 petrum
1389 4007 1448 4056 et
1481 3993 1798 4055 iohannem
1825 3989 1884 4047 in
1917 4002 2047 4047 cus-

1127 4093 1345 4154 todiam
1368 4109 1442 4152 eo
1457 4086 1619 4169 quod
1639 4083 2048 4147 adnuntiarent

1128 4189 1189 4247 in
1218 4188 1341 4247 iesu
1370 4182 1864 4246 resurrectionem.

1052 4281 1126 4344 X.
1167 4279 1287 4341 Ubi
1325 4285 1723 4357 cognouerunt
1760 4270 1921 4353 quod
1946 4289 2048 4349 pe-

1132 4386 1253 4435 trus
1306 4382 1365 4433 et
1431 4371 1716 4431 iohannes
1784 4369 2051 4428 homines

1132 4477 1324 4530 essent
1352 4467 1478 4527 sine
1512 4464 1710 4524 litteris
1746 4472 1804 4522 et
1842 4464 2049 4522 idiotae

1131 4575 1190 4623 et
1217 4561 1581 4623 admirabant
1609 4575 1730 4618 eos,

1115 4923 1278 4974 Notae
1298 4921 1371 4972 ad
1386 4920 1517 4973 codd.
1541 4919 1625 4969 BF
1628 4918 1729 4969 ΘΚ
1750 4924 1835 4970 etc.

1119 4990 1214 5040 vl.
1248 4986 1408 5038 iudeis
1430 4987 1477 5036 R
1498 5002 1537 5035 c.

1052 5053 1361 5172 ιειῦἳιθῐὶῐὶζ
1380 5051 1633 5166 cuz-zm&
1742 5056 1834 5100 et:
1865 5057 1921 5101 nt
1944 5050 1994 5100 R
2014 5067 2053 5101 c.

1228 5155 1243 5170 .
1335 5134 1382 5168 tc
1401 5134 1420 5167 ι
1635 5152 1650 5167 .
1750 5133 1782 5167 a

1053 5185 1191 5246 Sub..
1212 5192 1317 5235 trea
1339 5183 1482 5233 milia

1123 5250 1275 5302 vm.
1307 5248 1534 5299 iohannis
1553 5247 1605 5300 S.

1122 5314 1302 5366 vnn.
1334 5319 1395 5364 et
1405 5320 1492 5379 pr.
1514 5328 1610 5366 om.
1631 5314 1731 5364 cod.
1755 5314 1808 5363 S.
1832 5314 1991 5366 Petri.

1064 5384 1179 5435 Uar.
1203 5392 1351 5445 4221.
1482 5379 1777 5436 innieoerunt
1801 5378 1866 5430 U.

1120 5448 1190 5499 X.
1221 5451 1409 5497 autem
1429 5444 1560 5494 codd.
1571 5445 1747 5509 plur.;
1776 5459 1871 5493 om.
1895 5443 2001 5502 BU,
2020 5444 2111 5494 sed
2128 5456 2166 5495 -ι-
2192 5445 2356 5496 iudaei
2380 5445 2444 5496 U.
2530 5444 2861 5496 constanciam
2886 5444 2983 5495 RS.
3010 5451 3067 5501 >
3082 5446 3407 5497 constantiam
3430 5447 3557 5512 petri
3579 5446 3644 5498 U.

1903 4919 1967 4970 V.
2002 4919 2259 4971 dominnm
2282 4921 2439 4972 iesum
2464 4921 2520 4971 B.

1691 4985 1961 5050 poenitent.
1983 4984 2033 5036 U
2064 4985 2234 5037 Thom.
2258 4987 2394 5050 Sab.,
2420 4988 2656 5054 penitent.
2676 5004 2718 5053 c,
2741 4989 2984 5053 penitenc.
3007 4985 3073 5037 R.

1782 5117 1965 5195 postoli
1988 5117 2088 5168 cod.
2110 5119 2168 5168 S.
2206 5119 2385 5170 Pauli.

1559 5221 1573 5246 ,
1598 5193 1705 5233 ·111·
1729 5181 1873 5232 milia
1896 5184 1951 5243 B,
1976 5183 2041 5231 ffi
2062 5183 2126 5233 R.

1713 5248 2041 5299 ascendebant
2063 5249 2115 5300 S.

2142 5318 2489 5366 sacerdotes:
2522 5314 2679 5380 princi

1997 5394 2096 5430 eoa
2117 5379 2429 5433 &onoma
2462 5381 2534 5431 eis
2557 5379 2642 5430 BF

2341 686 2449 748 CA
2459 685 2798 747 PITULA
2851 683 2968 743 IN

2130 852 2524 911 BFoKRSUc3
2562 852 2693 903 codd.
2738 852 2856 902 Uat.
2891 863 3038 914 4221.
3072 851 3125 899 S.

2195 936 2372 995 Pauli,
2396 936 2455 985 S.
2475 935 2636 998 Petn‘,
2663 934 2803 984 Orat.
2833 932 2974 998 apud
3003 932 3129 982 Tho-

2194 1018 2410 1067 mas-ium
2427 1032 2451 1075 ,·
2515 1016 2616 1067 cod.
2686 1017 2728 1067 C
2726 1016 2828 1067 orb.
2900 1028 2925 1062 2
2995 1015 3136 1080 apud

2195 1100 2443 1149 Sabatier.

2130 1216 2206 1277 V.
2249 1215 2368 1276 Ubi
2417 1216 2489 1277 de
2538 1214 2781 1275 domino
2827 1215 2950 1274 iesu
2992 1214 3131 1273 uiris

2212 1309 2508 1369 israhelitis
2536 1309 2792 1387 loquitur
2818 1319 2876 1368 et
2894 1307 2966 1368 de
2996 1306 3130 1367 scri-

2210 1404 2393 1482 pturis
2421 1404 2652 1465 diuinis.

2130 1583 2236 1644 v1.
2286 1585 2406 1645 Ubi
2462 1596 2659 1664 petrus
2715 1583 2938 1645 iudaeis
2992 1583 3130 1643 dicit

2210 1680 2623 1757 paenitentiam
2653 1698 2825 1756 agere
2849 1689 2907 1738 et
2944 1678 3132 1755 bapti-

2213 1784 2371 1834 zetur
2440 1774 2842 1851 unusquisque
2902 1773 2961 1832 in
3025 1790 3130 1832 no-

2219 1868 2377 1926 mine
2406 1867 2527 1926 iesu
2557 1866 2771 1926 christi.

2133 2045 2269 2107 VII.
2310 2047 2430 2108 Ubi
2459 2046 2735 2126 apostolis
2770 2044 3135 2107 crediderunt

2214 2152 2272 2202 et
2328 2143 2651 2220 baptizatae
2705 2150 2841 2200 sunt
2904 2142 3133 2200 animae

2215 2237 2324 2296 tria
2352 2237 2527 2295 milia.

2138 2633 2310 2694 VIII.
2352 2632 2473 2693 Ubi
2522 2640 2719 2711 petrus
2759 2640 2818 2690 et
2857 2630 3139 2691 iohannes

2221 2727 2603 2788 ascendentes
2698 2727 2758 2785 in
2854 2723 3138 2802 templum

2220 2821 2599 2900 paralyticum
2628 2827 2851 2879 sanant.

2143 3616 2346 3677 VIIII.
2389 3616 2511 3677 Ubi
2567 3614 2956 3694 loquebantur
3001 3631 3145 3693 apo-

2227 3711 2357 3772 stoli
2385 3712 2461 3771 ad
2478 3709 2763 3790 populum
2790 3719 2849 3770 et
2870 3727 3145 3788 superue-

2148 3862 2155 3875 ,
2229 3814 2442 3865 nerunt
2485 3805 2813 3865 sacerdotes
2858 3813 2918 3863 et
2970 3803 3147 3879 magi-

2229 3910 2438 3962 stratus
2481 3898 2681 3978 templi
2726 3908 2785 3960 et
2830 3899 3147 3959 iniecerunt

2231 3996 2291 4056 in
2319 4013 2423 4056 eos
2451 4012 2676 4054 manus.

2151 4277 2227 4336 X.
2269 4274 2553 4335 Uidentes
2596 4283 2792 4334 autem
2830 4275 2978 4351 petri
3007 4293 3148 4336 con-

2232 4368 2502 4429 stantiam
2531 4376 2591 4426 et
2615 4366 2903 4428 iohannis

3010 4568 3045 4593 'Q

2229 4676 2249 4704 Ο

2653 4922 2883 4972 israelitis
2904 4922 3022 4972 Sab.

2184 5052 2464 5103 babtizetnr
2482 5068 2522 5114 c,
2547 5054 2860 5119 baptizentur
2880 5052 2950 5104 K.

2246 5249 2442 5314 templo
2465 5249 2604 5301 BFK
2626 5266 2652 5299 c
2673 5249 2789 5300 Sub.

2699 5379 2780 5430 RS
2802 5396 2827 5428 c
2846 5380 2961 5430 Sab.

1071 5528 1108 5565 4-
1139 5512 1446 5562 mirabantur
1467 5508 1543 5569 03
1575 5523 1610 5560 -t-
1641 5509 2010 5559 admirabantnr
2029 5510 2127 5560 cod.
2156 5510 2298 5560 Orat.

3686 847 3782 896 CT

3237 2055 3343 2116 VI.
3415 2055 3507 2116 De
3563 2055 3731 2133 panis
3793 2054 4073 2115 fractione
4133 2072 4243 2132 per

3319 2150 3527 2210 domos
3569 2160 3628 2210 et
3666 2149 3946 2228 prodigiis
3991 2159 4050 2210 et
4106 2150 4245 2229 quia

3320 2255 3484 2305 erant
3511 2245 3594 2304 eis
3622 2246 3822 2305 omnia
3851 2246 4206 2305 communia.

3242 2637 3380 2697 VII.
3423 2635 3516 2697 De
3554 2636 3703 2715 petri
3737 2645 3797 2695 et
3835 2634 4105 2696 iohannis
4132 2634 4249 2693 uir·

3322 2741 3442 2792 tute
3480 2733 3542 2789 in
3585 2731 3822 2791 clodum
3862 2747 3937 2788 ex
3982 2740 4147 2789 utero
4188 2738 4247 2789 et

3324 2835 3524 2904 petrus
3544 2825 3620 2884 ad
3641 2824 4023 2902 penitentiam
4054 2822 4245 2883 horta-

3325 2930 3418 2980 tur
3444 2919 3545 2998 qui
3573 2919 3848 2979 christum
3876 2916 4224 2978 occiderunt.

3247 3609 3421 3672 VIII.
3507 3609 3808 3672 Docentes
3876 3608 4125 3688 apostoli
4188 3609 4248 3669 in

3329 3704 3653 3766 custodiam
3695 3703 3999 3764 traduntur
4039 3713 4098 3763 et
4125 3722 4248 3763 rur·

3329 3817 3431 3860 sus
3452 3797 3671 3859 dimissi
3699 3798 3942 3858 ueniunt
3971 3797 4046 3859 ad
4077 3815 4233 3858 suos.

3154 4922 3406 4972 scribturis
3427 4923 3486 4973 F.

3238 5002 3401 5047 azara
3423 5002 3536 5038 cum
3561 4987 3699 5039 BFK
3722 4990 3820 5040 cod.
3844 4992 3897 5042 S.
3925 4992 4083 5053 Petn,
4105 4984 4251 5041 Saba

3081 5056 3470 5113 unmmqne
3484 5066 3522 5105 4
3536 5061 3751 5106 uestrum
3771 5056 3865 5106 ΘΟ
3897 5055 4070 5107 Thon.

2505 5119 2746 5184 baptizati
2769 5117 2884 5180 FK,
2906 5118 3046 5168 babt.
3069 5134 3107 5169 c.
3208 5120 3372 5170 anime
3394 5120 3470 5182 R;
3497 5133 3535 5171 4-
3561 5121 3755 5173 circiter
3773 5121 3874 5173 SU.

2258 5187 2576 5243 baptizatae
2602 5220 2617 5235 .
2641 5218 2655 5233 .
2680 5221 2693 5235 .
2715 5186 2876 5233 mma
2897 5183 2958 5234 in
2978 5199 3079 5233 ras.
3105 5184 3162 5234 Β.

2891 5249 3203 5314 paraliticum
3226 5250 3310 5301 OS
3329 5267 3354 5302 c
3379 5252 3525 5311 Sab.;
3559 5232 3793 5302 claudum
3810 5250 3873 5302 R.
3974 5250 4170 5302 sanauit
4186 5250 4251 5301 Θ.

2789 5313 3099 5369 sacerdotum
3120 5314 3173 5366 S.

3973 5123 4070 5172 tria
4091 5120 4251 5171 millia

3335 5317 3705 5381 magistratibus
3724 5317 3775 5369 S.
3932 5332 4027 5369 om.
4050 5320 4251 5375 tempu

3892 5445 4155 5500 iohannem
4177 5448 4252 5511 33
