4825 6525
1069 649 1148 712 16

1058 1131 1353 1196 XXVIII.
1396 1136 1490 1197 De
1545 1138 1806 1201 cornelio
1862 1150 2065 1201 centu·

1142 1230 1305 1292 tione
1360 1230 1464 1310 qui
1518 1229 1818 1293 habitabat
1865 1252 2063 1294 caesa-

1140 1342 1301 1384 ream
1342 1326 1443 1404 qui
1484 1326 1818 1387 admonitus
1851 1330 1928 1388 ab
1961 1348 2063 1389 an-

1138 1419 1273 1496 gelo
1300 1420 1600 1480 accersiuit
1626 1421 1705 1481 ad
1734 1440 1798 1482 se
1835 1433 2063 1501 petrum

1136 1523 1200 1574 ut
1240 1531 1380 1573 eum
1418 1514 1655 1576 doceret
1684 1527 1743 1576 et
1780 1518 1881 1576 ubi
1920 1518 2061 1579 dum

1135 1618 1265 1668 orat
1335 1619 1535 1686 petrus
1603 1610 1748 1670 uidit
1833 1611 2061 1673 caelum

1134 1716 1403 1780 apertum
1472 1714 1529 1764 et
1599 1723 1705 1765 uas
1759 1706 2059 1784 quoddam

1136 1795 1500 1858 descendens
1529 1798 1605 1858 ad
1629 1808 1835 1859 terram
1857 1801 1917 1859 in
1938 1819 2062 1878 quo

1133 1900 1299 1950 erant
1307 1891 1704 1971 quadrupedia
1712 1905 1771 1954 et
1787 1894 2058 1957 uolatilia.

1056 1982 1379 2046 XXVIIII.
1421 1986 1541 2046 Ubi
1602 1988 1894 2048 cornelius
1957 2007 2059 2050 oc·

1134 2097 1376 2140 currens
1471 2092 1638 2160 petro
1734 2083 2058 2161 procedens

1136 2172 1405 2235 adorauit
1470 2195 1605 2236 eum
1674 2187 1733 2237 et
1803 2178 2056 2239 eleuauit

1131 2282 1268 2324 eum
1317 2275 1514 2342 petrus
1562 2266 1636 2327 de
1679 2277 1828 2327 terra
1876 2269 2055 2329 inter-

1131 2359 1360 2435 rogauit
1463 2377 1599 2419 eum
1696 2363 1777 2422 ob
1874 2380 2053 2441 quam

1127 2471 1366 2514 causam
1398 2455 1612 2514 miserit
1634 2456 1710 2516 ad
1729 2474 1868 2516 eum
1888 2468 1947 2518 et
1966 2459 2052 2517 in-

1127 2546 1337 2607 dicauit
1364 2548 1652 2609 cornelius
1679 2551 1878 2611 omnia
1901 2570 2052 2629 quae

1128 2642 1204 2701 ab
1230 2640 1446 2718 angelo
1472 2642 1525 2701 ei
1554 2642 1781 2703 fuerant
1808 2643 1977 2705 dicta.

1046 2733 1240 2794 XXX.
1282 2734 1402 2795 Ubi
1444 2746 1642 2813 petrus
1680 2738 1947 2814 aperiens
1984 2757 2052 2799 os

1126 2846 1296 2888 suum
1331 2827 1527 2889 docuit
1559 2846 1696 2890 eum
1735 2832 1936 2891 omnia
1978 2833 2050 2891 de

1124 2921 1341 2983 christo
1412 2924 1537 2983 iesu
1614 2936 1672 2984 et
1740 2927 2049 2987 uocatione

1124 3016 1404 3094 gentium.

1046 3108 1272 3169 XXXI.
1315 3110 1436 3171 Ubi
1462 3112 1769 3174 audierunt
1796 3115 2046 3193 apostoli

1124 3204 1286 3283 quod
1339 3215 1398 3266 et
1450 3216 1655 3285 gentes
1701 3223 2044 3289 receperunt

1124 3301 1373 3361 uerbum
1429 3301 1522 3361 dei
1580 3313 1638 3362 et
1692 3314 1888 3382 petrus
1943 3325 2043 3367 ex·

1125 3394 1323 3471 posuit
1379 3395 1487 3455 illis
1543 3396 1832 3458 uisionem
1880 3401 2040 3478 quod

1121 3486 1344 3548 uiderat
1371 3487 1445 3549 de
1473 3489 1671 3550 linteo.

2355 657 2462 718 CA
2473 659 2582 718 P!
2586 659 2818 722 TULA
2867 662 2988 723 IN

2174 822 2556 882 BFoKRSUc3
2602 827 2734 877 codd
2775 828 2892 879 Uat.
2931 842 3081 892 4221,
3120 831 3174 880 S.

2241 891 2417 953 Pauli,
2447 893 2503 941 S.
2525 893 2685 954 Petri,
2720 894 2862 945 Orat.
2886 895 3027 959 apud
3054 896 3179 946 Tko-

2239 956 2458 1005 masium
2478 973 2503 1017 ,·
2573 958 2673 1010 cod.
2746 960 2886 1009 Corb.
2953 975 2977 1009 2
3043 962 3184 1025 apud

2236 1022 2483 1073 swam.

2170 1137 2462 1199 xxvln.
2507 1140 2599 1201 De
2626 1142 2899 1204 cornelio.

2163 1989 2487 2052 XXVIIII.
2546 1990 2665 2051 Ubi
2720 1991 3010 2054 cornelius
3064 2013 3165 2073 pe-

2242 2094 2393 2144 trum
2422 2097 2706 2165 expectat.

2158 2743 2353 2805 XXX.
2396 2745 2707 2809 Cornelius
2755 2748 2946 2810 uisum
2993 2762 3158 2829 petro

2236 2850 2447 2900 narrat.

2229 3235 2407 3297 quare
2436 3217 2680 3280 introisti
2708 3220 2783 3281 ad
2805 3221 2961 3282 uiros
2981 3240 3149 3301 prae·

2228 3312 2459 3389 putium
2492 3311 2789 3374 habentes.

1029 4144 1289 4207 XXXII.
1359 4144 1477 4209 Ubi
1547 4158 1829 4210 uenerunt
1895 4165 2033 4227 pro·
2138 4152 2397 4217 XXXII.
2440 4153 2734 4236 Propheta
2787 4159 3010 4237 agabus
3059 4159 3140 4219 fa·

1108 4242 1323 4322 phetae
1359 4244 1437 4303 ab
1480 4240 1884 4320 hierosolymis
1928 4261 2032 4303 an-

1111 4337 1390 4398 thiociam
1413 4347 1469 4396 et
1499 4337 1747 4398 surrexit
1775 4353 1928 4396 unus
1955 4355 2029 4397 ex

1109 4433 1194 4492 eis
1221 4432 1463 4491 nomine
1502 4431 1726 4508 agabus
1758 4439 1816 4490 et
1854 4431 2029 4508 signi-

1109 4525 1319 4586 ficabat
1361 4544 1466 4604 per
1506 4525 1771 4603 spiritum
1814 4524 2045 4585 famem*

1110 4636 1388 4696 magnam
1418 4619 1668 4680 futuram
1695 4629 1753 4679 et
1780 4618 2030 4680 herodes

1108 4730 1210 4773 rex
1248 4712 1462 4775 occidit
1499 4713 1773 4773 iacobum
1794 4712 2026 4773 fratrem

1108 4806 1379 4868 iohannis
1405 4816 1464 4867 et
1490 4816 1718 4885 petrum
1746 4806 1940 4883 posuit
1968 4806 2028 4864 in

1105 4919 1423 4962 carcerem.

1086 5067 1248 5116 Notae
1267 5066 1343 5116 ad
1356 5064 1489 5115 codd.
1510 5063 1697 5114 BFeK
1722 5069 1806 5113 etc.
1862 5061 2119 5113 XXVIII.
2160 5064 2298 5128 Capp

1089 5130 1370 5181 XXVIIII.
1405 5136 1671 5190 expectat
1688 5129 1737 5181 U
1758 5142 1784 5178 c
1801 5136 1850 5179 et
1869 5137 2061 5194 spectat
2075 5128 2127 5178 K
2148 5129 2200 5178 Τ
2190 5128 2321 5179 hom.
2339 5128 2489 5178 Sua:
2525 5135 2692 5192 sperat
2711 5127 2882 5179 BFos
2898 5129 3027 5179 codd.
3050 5134 3131 5193 ap.
3153 5127 3204 5178 T

1023 5196 1178 5246 mittit
1201 5196 1261 5248 R.

1087 5261 1256 5311 XXX.
1304 5274 1344 5313 ‹t-
1378 5261 1465 5311 ubi
1488 5260 1561 5311 ad
1574 5260 1696 5311 init.
1720 5259 1865 5310 BRS.

1021 5325 1184 5376 uisum
1241 5326 1340 5376 uod
1364 5326 1493 5376 uidit
1681 5332 1849 5376 narrat
1873 5325 1934 5373 R.

1087 5391 1190 5442 XX
1244 5392 1286 5442 1.
1321 5391 1455 5442 iudei
1477 5392 1524 5441 R
1540 5407 1580 5442 c.

1088 5456 1314 5508 xxxn.
1361 5469 1397 5508 4-
1436 5457 1520 5507 ubi
1542 5456 1615 5505 ad
1631 5455 1752 5507 init.
1775 5454 1916 5505 BRS.

1729 5389 1972 5440 introistis
1992 5388 2108 5440 Sub.

2064 5452 2255 5518 agadus
2284 5455 2403 5504 Uat.
2426 5465 2552 5516 4221
2580 5469 2595 5515 ;
2641 5470 2680 5505 «ι-
2707 5469 2794 5519 per
2810 5454 3040 5520 spiritum
3057 5459 3287 5504 sanctum
3310 5454 3390 5504 R.-

2217 4267 2375 4311 mem
2404 4249 2776 4312 adnuntians.

2261 5388 2545 5455 preputium
2570 5387 2684 5450 ΒΚ,
2707 5389 2997 5455 prepucium
3022 5387 3106 5439 Rs
3126 5401 3169 5439 c.

2301 5100 2314 5113 .
2337 5060 2427 5111 hoc
2446 5067 2495 5112 et
2512 5077 2719 5127 sequens
2740 5063 2800 5112 in
2823 5079 2989 5113 unum
3012 5061 3198 5112 com‘un
3303 5061 3420 5112 (sat.
3443 5076 3590 5125 4221.

3191 5068 3310 5178 52¹..

3731 835 3823 885 CT

3279 1148 3446 1211 XXI.
3504 1151 3597 1211 De
3653 1153 3907 1215 cornelio
3955 1166 4012 1215 et
4061 1155 4275 1234 angelo

3356 1245 3491 1324 (om.
3548 1244 3671 1328 lo‘)
3721 1248 3831 1308 sibi
3887 1249 4161 1327 loquente
4216 1261 4274 1311 et

3355 1341 3429 1399 de
3473 1352 3642 1418 petro
3680 1353 3738 1402 et
3775 1342 4002 1404 uisione
4043 1345 4170 1405 eius
4212 1345 4273 1404 in

3357 1452 3496 1493 uase
3523 1444 3582 1494 et
3609 1435 3907 1513 reptilibus
3945 1446 4003 1497 et
4035 1438 4274 1499 cornelii

3354 1531 3796 1590 conuersatione
3838 1540 3896 1590 et
3937 1531 4010 1591 de
4050 1532 4273 1593 satissa-

3353 1622 3548 1682 ctione
3577 1626 3721 1700 petri
3750 1636 3890 1702 aput
3918 1627 4212 1703 apostolis.

2149 3121 2378 3183 XXXI.
2414 3122 2534 3183 Ubi
2556 3124 2743 3185 iudaei
2768 3126 2968 3187 dicunt
2990 3137 3153 3207 petro
3257 3135 3455 3196 XXII.
3501 3137 3713 3199 Paulus
3746 3149 3804 3200 et
3832 3139 4119 3200 barnabas
4154 3160 4260 3220 per

3338 3242 3523 3293 totum
3541 3251 3761 3293 annum
3779 3234 4024 3296 antiocie
4041 3235 4258 3299 docent

3335 3329 3433 3387 ubi
3464 3329 3713 3405 primum
3740 3329 4004 3408 discipuli
4033 3349 4255 3409 cogno·

3334 3421 3534 3481 minati
3563 3434 3698 3482 sunt
3726 3422 4037 3484 christiani.

3248 4160 3479 4223 XXIII.
3547 4164 3792 4240 Agabus
3845 4166 3954 4224 sub
4016 4165 4247 4227 claudio

3328 4256 3547 4317 famem
3611 4257 3893 4318 facturam
3963 4259 4248 4336 significat

3326 4359 3386 4409 et
3426 4368 3530 4427 per
3571 4349 3809 4427 paulum
3845 4361 3903 4412 et
3945 4352 4244 4412 barnaban

3330 4442 3529 4503 fratres
3616 4443 3998 4505 iherosolimis
4087 4444 4244 4506 dona

3327 4541 3657 4600 transmittit
3701 4542 3928 4601 sanctis.

3751 5064 3928 5116 cornil.
3950 5066 3987 5116 S
4006 5071 4055 5115 et
4075 5063 4239 5128 inj‘ra.

3459 5134 3689 5187 petrum
3704 5137 3963 5190 expectat
3980 5147 3993 5183 ε
4027 5130 4093 5180 ad
4107 5138 4234 5195 petr.

2000 5259 2164 5310 uisum
2187 5266 2381 5325 petrum
2403 5264 2572 5309 narrat
2591 5257 2723 5319 sab„
2753 5266 2810 5317 >
2830 5265 2977 5324 petro
3003 5259 3168 5308 uisum
3189 5268 3354 5308 narrat
3375 5273 3416 5321 c,
3439 5258 3550 5310 uiso
3582 5267 3728 5325 petro
3748 5267 3916 5311 narrat
3945 5261 4064 5312 Uat.
4085 5274 4235 5326 4221,

3300 5390 3499 5439 abentes
3517 5390 3579 5439 R.

3516 5458 3861 5507 adnuntian-
3877 5455 3987 5519 Fe,
4002 5472 4114 5508 ann.
4134 5456 4231 5506 ΒΚ

1021 5523 1150 5573 codd.
1174 5529 1252 5588 ap.
1274 5520 1467 5586 Thema,
1492 5519 1626 5583 Sub„
1651 5520 1955 5571 adnuncians
1979 5518 2030 5579 S,
2055 5520 2357 5569 annuncians
2379 5533 2434 5567 c:
2471 5518 2730 5569 adnuntiat
2753 5518 2816 5578 U,
2841 5519 3102 5570 annuntiat
3130 5519 3271 5569 Orat.
3297 5519 3354 5569 B.
3378 5516 3424 5579 6,
3451 5521 3713 5571 annunciat
3736 5521 3801 5572 R.
