4825 6525
679 1198 792 1260 reis
816 1207 876 1259 et
905 1198 1117 1260 Stoicis
1135 1198 1391 1277 disputat
1411 1198 1592 1260 Athe-

678 1293 803 1354 nis:
844 1303 902 1354 et
930 1294 994 1352 in
1021 1292 1324 1371 Ariopago
1352 1291 1425 1353 de
1460 1292 1593 1353 Deo

652 1386 984 1470 disserens,
1030 1386 1333 1466 quosdam,
1369 1387 1457 1447 sui
1504 1405 1593 1446 se-

681 1491 931 1541 ctatores
956 1481 1150 1542 efficit.

598 1662 759 1725 XLI.
805 1664 972 1725 Idem
1012 1663 1296 1726 Corintho
1338 1665 1595 1726 scenefa-

681 1759 925 1820 ctoriam
965 1769 1151 1820 artem
1204 1777 1340 1819 cum
1384 1760 1597 1839 Aquila

613 1890 619 1896 -
678 1861 737 1912 et
765 1852 1024 1913 Priscilla
1066 1863 1329 1914 exercet:
1373 1864 1427 1913 et
1456 1871 1595 1914 con-

680 1946 1093 2007 tradicentibus
1132 1947 1315 2008 uerbo
1345 1945 1594 2019 Iudaeis,

679 2039 846 2100 multi
873 2040 1304 2101 Corinthiorum
1350 2042 1596 2102 credunt

679 2152 749 2194 ac
790 2134 1189 2212 baptizantur:
1244 2134 1596 2195 admonente

679 2246 814 2287 eum
860 2227 1124 2289 Domino
1172 2248 1247 2291 ne
1289 2249 1325 2289 a
1371 2231 1595 2308 praedi-

683 2321 876 2383 cando
905 2321 1200 2385 lassescat.
1518 2379 1523 2384 .

602 2415 794 2476 XLII.
840 2416 1167 2495 Temptant
1187 2417 1390 2478 Iudaei
1411 2418 1596 2486 insur-

683 2528 823 2587 gere
856 2509 919 2569 in
955 2510 1219 2584 Paulum,
1259 2511 1363 2571 sed
1393 2529 1430 2571 a
1457 2510 1597 2572 Gal-

684 2603 840 2663 lione
852 2604 1209 2665 Proconsule
1224 2605 1597 2683 repelluntur:

600 2707 605 2711 ”
684 2697 785 2774 qui
843 2697 1204 2775 profecturus
1258 2699 1319 2757 in
1376 2698 1599 2776 Syriam

686 2791 875 2852 tondit
906 2793 1014 2852 sibi
1041 2804 1217 2870 caput
1236 2792 1294 2852 in
1319 2792 1601 2854 Cenchris

684 2896 857 2964 portu
888 2886 1340 2948 Corinthiorum.

605 2977 830 3039 XLIII.
870 2979 1087 3058 Apollo
1127 2982 1371 3042 ueniens
1410 2982 1602 3061 Ephe·

622 3072 627 3076 ’
686 3092 836 3145 sum,
893 3076 1236 3153 mysterium
1306 3076 1600 3138 Dominici

685 3168 1060 3246 Baptismatis
1087 3189 1122 3229 a
1148 3169 1408 3231 Priscilla
1437 3171 1599 3231 discit

687 3274 744 3323 et
772 3262 1001 3342 Aquila.

607 3547 825 3610 XLIV.
880 3550 1096 3610 Paulus
1152 3550 1367 3611 ibidem
1423 3550 1598 3615 deue-

689 3644 874 3717 niens,
908 3643 1222 3722 ‚quosdam
1287 3644 1600 3724 discipulos

685 3737 746 3795 in
789 3737 1028 3797 nomine
1076 3738 1212 3798 Iesu
1256 3737 1472 3799 Christi
1499 3741 1602 3799 ba·

687 3830 895 3908 ptizat:
954 3840 1012 3890 et
1057 3831 1297 3893 biennio
1345 3843 1604 3893 moratus

687 3924 750 3983 in
815 3923 976 3997 Asia,
1053 3935 1267 3985 cuncta
1334 3926 1602 3988 docendo

689 4019 1013 4097 perlustrat.

610 4112 799 4173 XLV.
900 4114 1296 4192 Temptantes
1384 4115 1604 4178 Sceuae

689 4207 839 4269 filios
877 4209 937 4267 in
980 4211 1228 4271 nomine
1284 4210 1420 4271 Iesu
1468 4211 1602 4272 dae-

688 4319 898 4362 monas
941 4302 1181 4376 eiecere,
1227 4294 1604 4366 demoniosus

688 4398 943 4475 corripit.
1076 4398 1243 4476 Magi
1310 4401 1606 4461 credentes

689 4509 830 4552 suos
872 4492 1053 4554 libros
1097 4495 1489 4556 comburunt:
1548 4505 1606 4555 et

688 4585 905 4646 Paulus
954 4588 1198 4648 transita
1251 4587 1607 4650 Macedonia

1688 717 1741 776 A
1759 712 1989 776 CTUS
2028 713 2731 780 APOSTOLORUM.

1830 883 1903 934 M.
1928 865 2110 936 Bamb.
2133 885 2198 935 A.
2225 885 2267 935 1.
2294 895 2340 949 7,
2364 885 2488 936 Met.
2514 895 2564 949 7·

1775 1208 1834 1259 et
1929 1198 2298 1276 philosophis
2399 1200 2695 1277 disputare

1778 1292 2119 1352 conceditur
2141 1337 2154 1352 .
2184 1311 2390 1352 uerum
2407 1311 2544 1352 cum
2567 1292 2694 1351 uni-

1778 1386 1962 1446 uersis
1990 1387 2490 1464 superstitionibus
2525 1396 2696 1465 atque

1781 1479 1970 1539 sectis,

1699 1658 1923 1719 XLIII.
1952 1659 2043 1721 De
2062 1679 2242 1737 opere
2252 1660 2694 1738 praedicationis

1782 1754 2074 1831 dogmatis
2117 1755 2400 1814 duntaxat
2435 1756 2607 1814 unius
2639 1767 2695 1814 et

1778 1848 1954 1925 crispi
2001 1848 2445 1927 archisynagogi
2491 1848 2694 1909 credu-

1780 1942 1937 2003 litate
1979 1943 2051 2002 de
2093 1943 2288 2022 aquila
2332 1954 2391 2003 et
2446 1943 2695 2021 priscilla

1778 2037 1873 2096 uel
1901 2036 2193 2114 baptisma
2219 2055 2358 2098 cum
2386 2038 2695 2117 aliquantis

1781 2130 2103 2190 corinthiis.

1701 2414 1960 2475 XLIIII.
2018 2413 2112 2476 De
2156 2415 2493 2476 auctoritate
2550 2416 2697 2495 pub-

1782 2510 1892 2571 lica
1908 2510 2067 2589 quod
2086 2510 2263 2572 rebus
2293 2510 2506 2571 diuinis
2528 2529 2695 2570 num-

1781 2623 1961 2684 quam
1989 2622 2052 2664 se
2081 2603 2506 2682 interposuerit.

1702 2978 1890 3040 XLV.
1938 2977 2034 3040 De
2073 2978 2411 3041 auctoritate
2454 2975 2700 3056 rebapti-

1784 3073 1968 3134 zaudi.

3713 730 3800 795 25

2878 1211 3104 1260 seuerat
3133 1199 3429 1261 inuenisse
3456 1217 3620 1260 aram
3660 1199 3798 1262 scri-

2880 1295 3039 1354 btam
3068 1293 3224 1354 idem
3253 1295 3458 1372 ignoto
3487 1294 3619 1355 dee.

2798 1652 3050 1713 XXXV.
3134 1652 3349 1714 Paulus
3416 1652 3670 1733 aquilam
3738 1662 3797 1713 et

2881 1748 3207 1826 proscillam
3237 1747 3504 1808 corintho
3531 1747 3768 1806 inuenit.

2802 2413 3088 2475 XXXVI.
3139 2414 3340 2475 Iudaei
3392 2413 3609 2496 (iudaei
3656 2414 3799 2496 cod.)

2882 2509 3120 2587 paulum
3158 2521 3431 2571 accusant
3480 2510 3557 2571 ad
3597 2510 3798 2589 gallio-

2881 2627 3035 2667 nem.

2801 2981 3118 3043 XXXVIL
3185 2982 3280 3044 De
3303 2985 3314 2997 '
3338 2982 3547 3045 iudaeo
3599 2983 3800 3064 apollo

2883 3076 3128 3155 phrigio.

1706 4111 1924 4172 XLVI.
1966 4078 2059 4173 be
2110 4113 2264 4174 curis
2310 4123 2369 4173 et
2410 4112 2484 4175 de
2525 4113 2702 4174 uirtu-
2810 4111 3157 4171 xxxvm.
3242 4111 3336 4171 De
3404 4107 3646 4170 iudaeos
3699 4109 3803 4188 qni

1787 4208 1939 4267 tibus
2009 4208 2164 4285 pauli
2212 4225 2229 4241 ·
2247 4226 2352 4286 per
2434 4209 2701 4286 spiritum

1787 4312 2051 4362 sanctum
2080 4313 2136 4361 et
2164 4303 2239 4363 de
2275 4303 2579 4363 exorcistis
2615 4303 2699 4363 iu-

1787 4396 2068 4457 daeorum
2096 4398 2219 4457 iesu
2249 4416 2469 4458 nomen
2500 4397 2701 4459 fraude

1788 4491 2213 4552 inuocantibus.

690 4690 749 4740 et
817 4680 1059 4755 Achaia,
1130 4681 1603 4761 Hierosolymam
1713 4708 1722 4717 ·

694 4774 775 4833 ire
803 4774 1077 4852 disponit.

1708 4858 1961 4922 XLVII.
2005 4859 2099 4921 De
2141 4861 2479 4947 auctoritate
2506 4879 2701 4939 repro·

1789 4954 1983 5015 bandi.

2887 4207 3168 4285 putabant
3242 4225 3305 4266 se
3383 4221 3559 4282 posse
3633 4221 3801 4263 exor-

2890 4302 3093 4362 cizare.

678 5086 840 5134 Notae
860 5084 933 5133 ad
946 5084 1075 5134 codd.
1099 5085 1155 5134 M
1179 5091 1264 5137 etc.
1331 5087 1495 5138 XLII.
1531 5087 1758 5138 uniuersa
1779 5089 2121 5153 superstitione
2141 5090 2321 5142 Bamb.

677 5149 857 5199 XLIII
883 5150 1057 5215 (XLII
1078 5152 1252 5267 w.
1285 5152 1470 5218 predic.
1494 5153 1552 5201 M
1577 5153 1755 5205 Bamb.
1986 5156 2245 5206 dumtaxat
2266 5156 2447 5207 Bamb.
2463 5157 2590 5207 Met.
2620 5166 2626 5173 ’

612 5214 1115 5267 eredulitatemMB
1228 5218 1565 5279 .;÷etzldet.
1729 5221 2737 5280 deaqnnn...oortnthflnom.M.

678 5281 820 5331 XLV
848 5282 1015 5347 (XLII
1023 5281 1076 5332 11
1098 5283 1267 5348 Met).
1304 5282 1587 5349 baptizandi
1608 5284 1787 5336 Bamb.
1814 5286 1938 5337 Met.
2560 5286 2565 5290 ’

678 5346 850 5396 XLVI
873 5346 1040 5411 (XLV
1062 5348 1215 5413 Met.)
1285 5351 1354 5399 de
1378 5364 1463 5398 sec.
1489 5357 1537 5399 et
1557 5355 1669 5409 tert.
1691 5365 1785 5400 om.
1813 5352 1991 5402 Bamb.
2015 5353 2138 5401 Met.
2273 5351 2476 5403 exhorc.
2498 5353 2628 5405 iude.
2652 5353 2831 5403 Bamb.

677 5411 895 5463 XLVII.
926 5428 1018 5465 om.
1041 5422 1143 5479 cap.
1172 5415 1230 5463 Μ
1251 5421 1300 5464 et
1319 5415 1448 5465 Met.
1577 5415 1686 5465 Hoc
1705 5417 1983 5482 capitulum
2004 5417 2077 5467 ad
2092 5418 2477 5483 reprobationem
2500 5419 2633 5468 mis
2653 5420 2872 5482 magicae
2892 5418 2992 5470 xix.
3020 5417 3181 5473 18-20
3212 5418 3377 5486 rdm.
3400 5419 3705 5483 πέπωκαν,
3726 5419 3814 5468 sed

616 5475 823 5526 dubium
844 5484 932 5540 est,
956 5494 1067 5527 cum
1090 5480 1315 5529 sectiones
1338 5481 1396 5529 in
1418 5487 1557 5531 textu
1581 5483 1803 5531 Actuum
1828 5483 1887 5531 in
1909 5483 2065 5533 codice
2085 5483 2265 5535 Bamb.
2293 5483 2463 5533 titulis
2481 5485 2819 5548 capitulorum
2842 5484 3015 5535 minus
3035 5491 3147 5550 apte
3166 5485 3503 5551 respondeant.

2196 5581 2240 5630 E

2819 5156 3226 5222 archisynagogis
3245 5156 3302 5206 M
3325 5155 3505 5208 Bm.
3530 5154 3803 5221 (nohum.)
