4825 6525
1122 735 1167 796 4
1639 713 2008 777 PRAEFA
2026 715 2369 779 TIONES
2409 716 2530 778 IN
2565 716 2864 781 ACTUS
2906 716 3609 781 APOSTOLORUM.

1253 884 1513 953 Praefatio
1531 885 1716 950 quinta
1738 886 2024 937 continetur
2044 885 2102 936 in
2123 884 2254 936 codd.
2282 886 2466 936 nostris
2489 885 2616 949 MR,
2639 886 3041 953 editionibmque
3061 887 3292 955 antiquis
3306 887 3560 954 pluribus.

1253 964 1322 1014 In
1342 964 1643 1016 editionibus
1659 965 1910 1030 primum,
1934 965 1993 1015 in
2015 964 2063 1015 R
2079 965 2369 1026 secundum,
2393 964 2454 1014 in
2477 962 2535 1013 Μ
2558 966 2768 1015 tertium
2790 971 2922 1015 tenet
2942 965 3117 1016 locum.

1246 1041 1515 1108 Impressit
1542 1043 1695 1093 etiam
1723 1042 1906 1108 priora
1938 1048 1987 1092 et
2018 1042 2203 1092 ultima
2236 1042 2389 1091 uerba
2431 1041 2729 1093 nomas-ius
2758 1042 2802 1093 1.
2815 1050 2872 1108 p.
2897 1040 3022 1107 3563
3067 1044 3127 1093 in
3160 1043 3355 1094 Bibliis
3388 1042 3639 1110 impressi-e
3671 1058 3785 1093 cum
3810 1042 4129 1111 praefation

1450 1123 1466 1147 ‘
1479 1121 1637 1171 Aetna
1656 1119 2001 1186 apoetolorum
2024 1118 2210 1170 nudam
2231 1117 2471 1187 quidem)
2491 1126 2576 1169 etc.
2600 1121 2660 1170 in
2684 1136 2850 1170 unum
2872 1120 3136 1171 coniuncta
3158 1127 3244 1171 est.

1251 1197 1508 1263 Praefatio
1538 1198 1849 1262 Hieronymo
1872 1198 2180 1252 adscribitur
2207 1196 2296 1247 sed
2327 1199 2467 1248 inter
2495 1203 2644 1263 opera
2675 1199 2787 1248 eius
2819 1214 2920 1248 non
2954 1199 3260 1255 inuenitur,-
3293 1199 3571 1249 notandum
3593 1205 3665 1249 est
3697 1200 3851 1250 etiam
3871 1206 4125 1251 auctorem

1441 1275 1707 1326 Psalmum
1738 1286 1961 1326 Lxxxm
1984 1277 2224 1343 quamuis
2249 1292 2350 1325 non
2379 1275 2453 1325 ad
2478 1276 2687 1326 uerbum
2716 1277 3038 1327 exPsalterio
3059 1278 3287 1327 Romano
3319 1278 3494 1327 citasse
3517 1292 3630 1327 cum
3653 1278 4000 1342 Hieronymus
4021 1279 4126 1344 ipse

1443 1353 1570 1420 (Ep.
1586 1364 1761 1404 Lxxn.
1785 1367 1828 1417 ο,
1855 1370 1990 1404 anno
2008 1356 2104 1419 398
2126 1353 2245 1418 scr.)
2267 1354 2477 1405 eundem
2499 1369 2703 1404 uersum
2720 1369 2785 1405 ex
2807 1354 2966 1405 Psalt.
2993 1354 3254 1405 Gallicano
3274 1354 3474 1421 adferat
3489 1372 3511 1416 ;
3547 1354 3710 1405 multa
3732 1371 3795 1407 ex
3817 1356 4127 1421 Hieronymi

1430 1432 1746 1497 praefatione
1769 1434 1828 1482 in
1850 1433 2039 1482 librum
2063 1433 2231 1483 Errae
2250 1432 2523 1497 desumpsit
2544 1439 2733 1482 auctor.

1245 1508 1408 1559 Inscr.
1444 1509 1617 1575 incipit
1653 1509 1870 1576 prefacio
1900 1510 2036 1561 beati
2065 1509 2328 1560 hieronimi
2363 1511 2621 1575 presbiteri
2655 1510 2729 1571 Μ,
2763 1509 2936 1575 incipit
2965 1508 3184 1576 prefado
3216 1510 3377 1562 sancti
3416 1509 3679 1561 hieronimi
3711 1511 3825 1577 prbi
3864 1511 3916 1561 in
3949 1510 4124 1562 hactus

1441 1588 1786 1652 apostolorum
1808 1588 1873 1646 R,
1889 1588 2067 1655 incipit
2088 1588 2299 1653 prefatio
2320 1588 2457 1639 beati
2480 1588 2775 1652 Hieronymi
2793 1588 3062 1654 presbyteri
3085 1590 3135 1639 in
3158 1589 3341 1639 librum
3358 1590 3515 1639 Actus
3532 1589 3773 1652 (Actuum
3795 1589 3954 1639 Sacon
3975 1602 4121 1654 1515,

1443 1667 1627 1716 Actum
1650 1666 1871 1732 Paean.)
1894 1667 2238 1733 apoatolorum
2263 1665 2389 1729 edi„
2411 1666 2588 1731 incipit
2613 1665 2854 1731 prologus
2882 1665 2935 1718 S.
2958 1665 3256 1732 Hieronymi
3278 1666 3553 1732 Presbyteri
3585 1667 3636 1717 in
3669 1665 3877 1717 Librum
3898 1666 4121 1719 Actuum

1441 1743 1801 1810 Apostolorum
1832 1744 2008 1794 Thom.

1291 1859 1489 1925 Canit
1553 1860 1914 1944 psalmista,
1972 1859 2447 1926 Ambulabunt
2507 1881 2549 1924 a
2608 1860 2968 1926 uirtutibus
3033 1861 3099 1924 in
3168 1861 3499 1927 uirtutem.
3615 1862 3774 1928 Post
3833 1860 4117 1945 apostoli

1117 1961 1304 2028 Pauli
1348 1963 1663 2047 epistolas
1708 1964 1961 2030 dudum
2013 1984 2148 2028 uno
2197 1964 2390 2029 uobis
2442 1963 2782 2029 uolumine
2825 1963 3200 2044 translatas,
3245 1965 3583 2030 Domnion
3628 1973 3696 2029 et
3742 1964 4119 2048 Rogatiane

1114 2066 1448 2141 carissimi,
1480 2077 1668 2133 actus
1697 2067 2151 2150 apostolorum
2184 2064 2585 2149 compellitis
2617 2076 2689 2132 ut
2721 2067 3105 2132 transferam
3137 2067 3203 2131 in
3236 2066 3532 2133 latinum.
3624 2066 3842 2151 Quem
3872 2066 4114 2133 librum

1112 2167 1270 2233 nulli
1314 2170 1591 2235 dubium
1638 2180 1739 2235 est
1785 2190 1826 2233 a
1871 2170 2055 2236 Luca
2102 2170 2545 2248 AntiochenO,
2575 2180 2719 2235 arte
2763 2170 3038 2249 medicO,
3067 2171 3181 2255 qui
3226 2181 3461 2256 postea
3507 2170 3864 2236 inseruiens
3910 2170 4116 2236 Paulo

1110 2270 1418 2354 apostolo
1466 2271 1707 2338 Christi
1754 2273 1966 2338 factus
2012 2283 2112 2338 eat
2157 2273 2537 2356 discipulus,
2583 2273 2778 2338 fuisse
2832 2273 3102 2337 editum.
3195 2273 3501 2340 Ceruices
3545 2274 3788 2358 premit
3833 2274 4164 2359 inpositas

1107 2375 1372 2457 saepius
1401 2375 1617 2441 oneris
1662 2378 2074 2461 magnitudo,
2102 2377 2259 2461 quia
2298 2376 2523 2442 studia
2554 2377 2926 2442 inuidorum
2965 2378 3472 2462 reprehensione
3513 2380 3716 2462 digna
3757 2388 3994 2463 putant
4036 2399 4118 2444 ea

1108 2497 1281 2561 quae
1319 2480 1679 2545 scribimus.
1775 2480 2048 2546 Illorum
2094 2499 2461 2565 numquam
2508 2482 2667 2547 odio
2711 2491 2780 2547 et
2820 2481 3234 2547 detractione
3275 2483 3546 2549 iuuante
3583 2482 3848 2548 Christo
3890 2502 4111 2549 meum

1106 2581 1329 2648 silebit
1373 2583 1730 2668 eloquium.

1176 2773 1221 2810 1.
1256 2758 1444 2811 ambul.
1486 2760 1549 2811 de
1591 2760 1852 2812 uirtutibus
1892 2761 1945 2811 in
1997 2761 2205 2811 uirtutes
2246 2760 2390 2820 edd.;
2447 2759 2509 2824 cf.
2712 2759 3059 2824 Exraefflall.
3081 2772 3157 2812 nt.
3181 2761 3332 2828 15²1)
3351 2762 3677 2827 ‘magnitudo
3698 2763 3863 2829 operia
3885 2763 4110 2831 impetiti

1105 2838 1264 2888 Psalt.
1299 2838 1589 2889 Romanum
1622 2846 1703 2903 ps.
1740 2849 1983 2890 Lxxxln.
2017 2838 2048 2888 8
2093 2838 2257 2899 (Uall.
2293 2848 2350 2888 x.
2389 2837 2507 2902 286)
2710 2838 2782 2889 ita
2805 2840 3021 2889 ceruices
3041 2839 3221 2904 premit
3241 2836 3326 2889 nt’
3347 2846 3435 2890 etc.
3501 2843 3856 2892 invidorum:
3892 2840 3944 2890 in
3968 2842 4109 2892 indo·

1103 2915 1293 2965 ambul.
1326 2915 1389 2965 de
1423 2916 1602 2967 uirtute
1637 2917 1687 2966 in
1721 2916 1981 2972 uirtutemz
2027 2916 2376 2979 Hieronymus
2408 2916 2511 2980 ipse
2710 2931 2820 2966 mm
2843 2916 2905 2965 R.
2960 2919 3166 2976 dicun:
3188 2916 3368 2982 dignor
3386 2914 3462 2966 R*
3475 2918 3624 2982 (corr.
3640 2917 3763 2981 R⁰);
3800 2916 4110 2981 dignan*

1107 2994 1231 3058 (Ep.
1255 3004 1435 3044 Lxxn.
1461 2995 1514 3058 2)
1547 2995 1672 3044 citat
1702 2995 1844 3044 ibunt
1877 2995 1941 3044 de
1974 2995 2158 3045 uirtute
2188 2994 2239 3044 in
2272 2993 2508 3044 uirtutem
2712 2995 2786 3057 (m
2821 2992 2999 3057 eran).
3080 2993 3144 3059 cs.
3179 2994 3352 3059 Praes.
3386 2994 3445 3043 in
3481 2995 3518 3044 l.
3554 2994 3717 3045 Barac
3738 2993 4011 3045 ‘accedunt
4042 2994 4111 3045 ad

1104 3086 1217 3119 cum
1245 3071 1523 3120 Gallicano.
1608 3077 1740 3131 pont
1758 3087 1854 3123 om.
1874 3071 1980 3122 MR
2008 3071 2210 3136 (habent
2229 3071 2408 3121 codices
2430 3083 2508 3122 re·
2707 3071 2804 3122 hoc
2840 3071 3122 3123 innidorum
3158 3073 3339 3134 studia,
3372 3073 3461 3139 qui
3504 3088 3651 3124 omne
3683 3071 3818 3138 quod
3850 3071 4111 3123 scribimus

1102 3147 1338 3198 centiens
1357 3153 1406 3199 et
1424 3148 1575 3213 edd).
2705 3148 3159 3214 reprehendendum
3181 3150 3390 3216 putant!

1172 3239 1217 3276 ο.
1252 3225 1502 3277 translatis
1546 3227 1608 3278 R.
1699 3227 1882 3278 demon
1936 3227 2039 3278 edd
2123 3226 2385 3293 rogaciane
2439 3226 2504 3292 R,
2774 3235 2818 3291 7.
2841 3241 2938 3292 qne
2959 3226 3023 3278 R.
3072 3242 3324 3295 nunquam
3345 3227 3408 3280 R.
3476 3225 3629 3278 hodio
3644 3224 3727 3278 R1.
3793 3225 4106 3279 detraccione

1101 3303 1331 3369 rogation
1355 3304 1431 3366 Μ,
1453 3305 1713 3370 rogatione
1733 3307 1805 3356 ed.
1831 3305 2023 3356 Kesler.
2704 3304 2767 3356 R.
2832 3304 3036 3355 iubente
3074 3305 3178 3358 Μ’.

1169 3396 1218 3446 3.
1250 3383 1427 3433 hactus
1448 3383 1511 3433 R.
1577 3383 1860 3448 conpellitia
1884 3383 1958 3433 M.
2786 3382 2833 3433 8.
2856 3381 3021 3433 ailenit
3045 3383 3121 3434 M.
3187 3384 3247 3449 ct:
3260 3383 3427 3449 prad.
3451 3383 3511 3433 in
3547 3384 3583 3433 Ι.
3606 3382 3773 3433 Errae
3805 3381 4105 3449 ‘numquam

1167 3476 1217 3524 4.
1251 3459 1400 3510 lucha
1421 3460 1483 3511 R.
1549 3461 1845 3512 anthioceno
1868 3459 1944 3511 Μ.
2701 3475 2887 3520 meum,
2944 3460 3143 3512 iuuante
3198 3462 3416 3522 Christo,
3474 3461 3640 3512 silebit
3693 3460 3948 3527 eloquium
3983 3497 3997 3511 .
4036 3495 4053 3512 .
4088 3507 4100 3519 ,

1168 3550 1217 3601 5.
1252 3542 1340 3587 oct
1376 3553 1473 3589 om.
1507 3539 1616 3589 MR
1654 3538 1856 3603 (hahent
1886 3538 2018 3589 codd.
2053 3545 2229 3589 recent.
2264 3544 2312 3588 et
2347 3538 2500 3603 edat).
2699 3535 2864 3600 magia
2886 3541 3048 3585 uestra
3069 3536 3274 3587 caritate
3296 3538 3608 3602 prouocabor
3627 3535 3694 3586 ad
3714 3537 3930 3587 studium
3950 3552 4102 3602 quam

1102 3616 1324 3666 aeditum
1348 3616 1414 3666 R.
2699 3613 2904 3664 illorum
2933 3612 3235 3666 detractione
3257 3621 3308 3683 et
3329 3615 3454 3665 odio
3475 3612 3787 3666 deterrebor)

1164 3692 1216 3743 6.
1237 3693 1405 3759 sepina
1425 3693 1548 3746 MR.
1619 3694 1817 3746 honeris
1835 3694 1898 3745 R.
1952 3693 2017 3760 d.
2036 3693 2207 3760 Praes.
2223 3695 2284 3744 in
2306 3694 2499 3745 librum

1229 3807 1428 3859 Subscr.
1449 3808 1657 3874 explicit
1677 3807 1892 3874 prefatio
1913 3809 1988 3870 M,
2012 3807 2215 3874 explicit
2236 3807 2457 3874 presacio
2477 3806 2742 3859 hieronimi
2763 3806 2875 3875 prbi
2899 3809 2962 3860 R.

2317 4002 2329 4023 .
2353 3971 2653 4022 Emroaecm
2682 3972 2845 4021 Nor-A

1230 4061 1526 4113 Obseruabit
1545 4062 1694 4112 lector
1711 4062 1943 4113 eruditus
1965 4060 2057 4110 has
2078 4061 2302 4127 quinque
2315 4061 2653 4127 praefationes
2661 4061 2963 4127 plerumque
2981 4076 3045 4110 ex
3065 4058 3270 4109 laciniis
3284 4059 3708 4123 Hieronymianis
3726 4074 3823 4109 esse
3842 4059 4096 4125 consectas,

1094 4139 1297 4189 nullam
1328 4146 1495 4190 autem
1528 4156 1706 4190 eamm
1740 4155 1915 4189 ueram
1947 4154 2044 4188 esse
2075 4146 2124 4189 et
2149 4139 2433 4204 genuinam
2456 4139 2823 4205 praefationem
2857 4140 2947 4188 uel
2961 4137 3272 4201 Hieronymi
3289 4137 3376 4186 uel
3390 4137 3528 4187 alius
3548 4136 3803 4200 scriptoris
3825 4137 3884 4185 in
3906 4135 4095 4185 librum

1092 4217 1181 4266 cui
1190 4218 1502 4282 praepositae
1520 4224 1659 4268 sunt.
1728 4218 1820 4268 Ex
1839 4232 1943 4283 qua
1976 4232 2032 4266 re
2062 4218 2172 4266 sine
2199 4217 2349 4267 dubio
2381 4217 2711 4279 colligendum
2745 4217 2954 4265 uidetur
2985 4215 3185 4266 nullam
3208 4214 3269 4264 in
3291 4218 3449 4265 Actus
3460 4213 3824 4278 ,or-affationem
3844 4212 4095 4277 scripsisse

1091 4295 1482 4357 Hieronymum.
1550 4297 1669 4346 Non
1691 4303 1858 4346 tamen
1878 4309 1931 4343 eo
1940 4295 2303 4358 progredimur
2321 4299 2381 4341 ut
2402 4293 2661 4342 credamus
2682 4293 3055 4357 Hieronymum
3090 4293 3278 4342 librum
3313 4307 3414 4341 non
3446 4290 3735 4352 emendasse,
3757 4305 3884 4355 quae
3903 4295 4093 4339 senten-

1090 4371 1166 4421 tia
1198 4372 1496 4438 quibusdam
1528 4372 1667 4423 uiris
1686 4371 1982 4422 doctissimis
2003 4371 2169 4435 placet
2181 4386 2206 4431 ,·
2252 4369 2369 4419 uide
2402 4370 2617 4420 Hieron.
2654 4371 2747 4436 Op.
2780 4371 2878 4421 uol.
2913 4387 2958 4431 x,
2973 4376 3062 4435 pp.
3096 4369 3316 4419 xix-xxii
3353 4367 3447 4432 (ed.
3491 4365 3667 4431 Uala).
3736 4368 3924 4416 Docent
3954 4366 4094 4414 enim

1091 4449 1317 4499 lectiones
1346 4450 1407 4499 in
1440 4450 1631 4499 notulis
1664 4448 1848 4499 nostris
1878 4448 2143 4512 descriptas
2178 4447 2354 4497 codices
2385 4453 2573 4497 nostros
2584 4448 2884 4513 plerumque
2915 4463 3019 4498 uno
3049 4447 3249 4510 agruim
3279 4450 3452 4494 contra
3483 4450 3672 4492 ueteres
3690 4448 3824 4492 stare
3854 4449 3902 4491 et
3935 4443 4093 4492 unius

1091 4527 1208 4577 uiri
1253 4534 1464 4577 mentem
1509 4527 1569 4577 in
1610 4533 1751 4592 opere
1788 4524 2148 4575 emendationis
2192 4524 2497 4574 laborantem
2530 4526 2754 4588 prodere.
2849 4526 2979 4589 Quis
3014 4524 3102 4574 ille
3120 4522 3311 4588 fuerit,
3352 4521 3459 4571 nisi
3491 4520 3851 4584 Hieronymus,
3879 4526 4092 4584 prorsus

1091 4619 1353 4655 nescimus.
