4825 6525
591 1189 850 1252 XXVII.
901 1191 1193 1267 Herodes,
1238 1195 1439 1257 occiso
1488 1197 1581 1257 Ia-

588 1345 593 1352 ,
669 1287 841 1360 eobo,
911 1287 1146 1348 Petrum
1214 1290 1453 1350 retrudit
1520 1293 1580 1351 in

669 1398 995 1443 carcerem:
1035 1382 1192 1443 unde
1229 1384 1471 1446 eductus
1505 1387 1581 1445 ab

668 1474 920 1552 AngeIo,
981 1477 1141 1537 uenit
1211 1477 1288 1537 ad
1335 1479 1580 1539 domum

670 1565 894 1629 Mariae
934 1571 1132 1630 matris
1171 1568 1464 1633 Iohannis,

586 1951 871 2014 XXVIII.
914 1952 1084 2016 Idem
1126 1955 1414 2030 HerodeS,
1458 1976 1579 2018 non

664 2051 902 2112 inuento
997 2052 1188 2126 Petr0,
1280 2054 1580 2117 descendit

665 2143 1047 2207 Caesaream:
1157 2148 1257 2208 ubi
1345 2150 1578 2227 Aug-elo

662 2257 989 2316 percussuS,
1045 2242 1288 2302 liberum
1348 2245 1577 2322 praedi-

664 2334 930 2395 cantibus
997 2337 1245 2396 uerbum
1313 2338 1421 2397 iter
1488 2358 1577 2398 re-

663 2426 846 2505 liquit.

582 2519 809 2580 XXIX.
859 2521 1177 2584 ·Barnabas
1239 2535 1298 2584 et
1368 2525 1577 2588 Saulus

660 2617 873 2676 reuersi
913 2617 1300 2689 Antiochiam,
1339 2620 1576 2682 iubente

663 2708 878 2787 Spiritu
945 2709 1162 2772 Sancto
1232 2713 1576 2775 ordinantur

659 2802 959 2881 Apostoli:
996 2814 1052 2864 et
1070 2823 1213 2866 mox
1231 2808 1573 2886 nauigantes

660 2896 943 2976 Cyprum,
1009 2911 1327 2961 excaecato
1395 2920 1573 2979 mago

588 3005 589 3008 ’
657 2991 888 3069 Elyma,
972 2991 1238 3071 Sergium
1324 2995 1570 3057 Paulum

658 3085 1074 3148 Proconsulem
1130 3087 1392 3150 doctrina
1434 3091 1569 3151 fidei

658 3183 1019 3244 inluminant.

574 3645 770 3708 XXX.
812 3649 1027 3711 Paulus
1053 3664 1112 3712 et
1144 3651 1443 3715 Barnabas
1469 3655 1569 3715 de-

654 3744 957 3804 uenientes
1024 3748 1395 3809 Antiochiam
1451 3750 1571 3810 Psi-

652 3836 798 3910 diae,
854 3840 1191 3916 praedicant
1258 3844 1320 3902 in
1386 3843 1569 3922 Syna·

652 3949 840 4009 goga:
882 3950 1035 4010 quos
1050 3935 1214 3995 multi
1233 3945 1293 3996 et
1320 3938 1568 3999 Iudaeo·

653 4042 784 4084 rum
840 4036 900 4086 et
953 4026 1385 4107 Proselytorum
1441 4052 1565 4093 cre-

654 4118 856 4180 dentes
884 4130 1220 4200 sequuntur.

573 4211 801 4275 XXXI.
884 4215 1139 4276 Rursum
1222 4219 1415 4296 plures
1494 4221 1567 4282 de

652 4306 940 4370 Gentibus
973 4313 1329 4373 conueniunt
1362 4315 1437 4375 ad
1464 4334 1565 4375 au·

652 4400 932 4462 diendum
965 4404 1212 4465 uerbum
1238 4429 1252 4468 ε
1295 4425 1445 4486 quos
1472 4430 1562 4470 ze·

653 4493 840 4556 lantes
869 4496 1090 4573 Iudaei,
1126 4501 1375 4562 eieciunt
1412 4502 1564 4563 Pau·

651 4588 771 4648 lum
800 4609 869 4650 ac
897 4590 1228 4653 Barnabam
1250 4595 1323 4655 de
1351 4597 1563 4657 finibus

650 4699 787 4742 suis.

1693 713 1991 777 ACTUS
2027 713 2565 776 APOSTOLOR
2577 715 2729 776 ΠΜ.
3719 735 3793 797 19

1829 880 1900 931 M.
1923 881 2105 931 Bamb.
2130 882 2194 931 A.
2217 880 2260 931 1.
2290 891 2335 946 7,
2358 882 2483 934 Met.
2511 893 2556 947 7.
3269 885 3318 933 G

2791 1204 2960 1265 XXI.
3026 1205 3119 1264 De
3164 1205 3382 1264 herode
3431 1205 3531 1282 qui
3575 1204 3788 1264 occidit

2872 1299 3143 1360 iacobum
3181 1308 3260 1359 et·
3277 1299 3430 1360 misit
3467 1308 3697 1378 petrum
3725 1301 3786 1358 in

2873 1413 3108 1455 carcare
3170 1394 3374 1454 diebus
3428 1394 3784 1454 azimorum:

2871 1498 2930 1548 et
2977 1488 3220 1565 angelus
3269 1488 3497 1549 dimittit
3545 1506 3681 1549 eum
3726 1499 3786 1549 et

2871 1581 2947 1642 ad
2986 1581 3230 1641 domum
3273 1583 3490 1644 mariae
3529 1584 3688 1644 uenit
3728 1592 3785 1642 et

2869 1675 3029 1753 quod
3074 1672 3321 1735 herodes
3370 1694 3602 1737 uermes
3648 1675 3782 1736 fecit

2868 1780 2925 1830 et
2979 1771 3063 1828 sic
3116 1779 3382 1831 mortuus
3436 1779 3543 1831 est.
3632 1771 3783 1831 Item

2867 1864 2941 1925 de
2969 1863 3206 1923 ieiunio,
3281 1943 3297 1954 ἢ

1683 1949 1878 2011 ΧΧΧ.
1930 1954 2021 2014 De
2049 1954 2266 2018 ultione
2304 1959 2505 2022 diuina
2530 1980 2681 2041 quae

1765 2065 1829 2106 se
1855 2048 1918 2107 in
1946 2047 2167 2111 herode
2206 2053 2491 2116 iustorum
2529 2058 2679 2118 inse-

1763 2142 2011 2202 cutionis
2040 2162 2217 2205 causa
2244 2150 2519 2209 exercuit.

1680 2515 1913 2581 XXXI.
1954 2519 2048 2581 De
2080 2525 2520 2600 peruersoribus
2545 2528 2676 2588 uiae

1758 2615 2014 2675 ueritatis
2055 2617 2516 2698 eorumdemque
2543 2639 2675 2699 pes·

1760 2707 1908 2768 sima
1944 2711 2221 2772 caecitate
2255 2730 2407 2789 quae
2446 2715 2505 2774 in
2544 2716 2676 2776 bar-
3135 2733 3170 2754 ⁸·

1757 2801 1881 2862 iesu
1909 2821 1946 2862 a
1973 2804 2152 2882 paulo
2178 2807 2445 2867 traducta
2472 2818 2578 2870 est.

2781 3299 2983 3364 XXII.
3031 3299 3241 3361 Saulus
3282 3318 3480 3361 coram
3522 3315 3776 3379 procon-

2861 3393 2987 3455 sule
3014 3394 3242 3455 bariesu
3268 3412 3514 3455 caecum
3542 3392 3694 3453 facit.

1675 3663 1935 3727 XXXII.
1978 3667 2070 3729 De
2098 3671 2274 3749 paulo
2301 3675 2401 3752 qui
2442 3674 2587 3753 legis
2614 3685 2673 3735 et
2777 3680 3010 3740 XXIII.
3072 3679 3288 3742 Paulos
3344 3683 3406 3741 in
3460 3681 3772 3760 synagogis

1754 3760 2167 3839 prophetarum
2178 3767 2521 3828 testimoniis
2538 3787 2670 3829 sua·
2856 3775 3111 3853 disputat
3139 3775 3214 3835 de
3241 3774 3454 3836 christo
3480 3776 3620 3836 iesu.

1754 3854 1853 3914 det
1894 3857 1954 3915 in
1996 3857 2092 3917 dei
2132 3860 2375 3936 gratiam
2403 3863 2668 3939 quicum-

1754 3966 1869 4026 que
1902 3951 2210 4012 crediderit
2236 3971 2597 4030 permanere.

1670 4223 1963 4287 XXXIII.
2005 4227 2100 4305 De
2142 4247 2262 4290 non
2299 4231 2667 4294 credentibus

1751 4321 1910 4398 quod
1926 4341 2158 4402 semper
2177 4325 2455 4388 inuidiam
2471 4329 2666 4390 christi

1749 4416 2043 4495 discipulis
2071 4419 2344 4481 conflent.

568 4772 829 4837 XXXII.
878 4779 1046 4841 Idem
1100 4783 1160 4841 in
1210 4784 1415 4846 Iconio
1460 4787 1560 4848 diu
1666 4787 1987 4850 XXXIIII.
2051 4791 2143 4853 De
2185 4796 2461 4857 uarietate
2518 4808 2661 4858 tem-

650 4871 1073 4949 praedicantes,
1121 4878 1337 4939 multos
1381 4891 1439 4941 et
1486 4880 1558 4941 de

1745 4902 1957 4963 porum
1981 4903 2231 4964 quorum
2266 4888 2461 4949 christi
2489 4892 2659 4952 disci-

576 4977 3768 5023 —ffi——mm-——ss

568 5090 711 5141 habet
793 5095 1097 5146 rsecutionis.

631 5156 731 5207 XX
786 5158 812 5206 1
837 5159 1011 5219 (XXX
1034 5163 1200 5224 Met..)
1235 5167 1632 5230 praeuersoribus
1664 5170 1790 5221 Mt.

868 5224 973 5274 nde
998 5239 1037 5275 4-
1066 5179 1325 5295 suadere);
1362 5232 1529 5283 bariae
1551 5250 1692 5284 suam
1715 5237 1841 5288 Asel.
1865 5238 1928 5303 cs
1950 5239 2026 5288 ad
2040 5241 2144 5293 xiii.
2169 5241 2217 5294 6.

816 5289 841 5338 Ι
866 5291 1068 5355 (ΧΧΧῙ
1091 5294 1257 5359 Asea).
1214 5294 1454 5361 )gratia
1475 5300 1601 5349 filet.

565 5222 872 5338 Βῗέκὲὼ

631 5028 793 5076 Notae
812 5027 886 5077 ad
899 5029 1031 5079 codd.
1052 5031 1126 5082 M.
1149 5039 1231 5084 etc.
1302 5036 1454 5087 XXX
1482 5038 1767 5101 (XXVIIII
1792 5040 1960 5108 Met.).
1994 5058 2089 5108 qne
2113 5045 2291 5096 Bamb.
2315 5055 2517 5116 semper.

2742 5053 3144 5105 insecutionis:
3178 5056 3360 5122 incipit
3382 5074 3590 5109 rursum
3615 5061 3673 5111 M
3688 5062 3777 5111 sed

2474 5179 2686 5231 cecitate
2718 5181 2894 5232 Bamb.
2922 5184 3046 5234 Met.

2359 5259 2453 5294 om.
2478 5260 2514 5295 a
2534 5246 2711 5296 Bamb.
2735 5248 2862 5298 Met.

1991 5174 2071 5225 nie
2096 5176 2275 5227 Bamb.
3244 5189 3474 5239 bariesu
3491 5206 3505 5240 :
3539 5190 3768 5243 barbarie

633 5292 886 5404 XXXIII(
889 5356 1119 5420 (XXXII
1142 5361 1264 5410 Asel.
1269 5359 1308 5424 ).
1344 5364 1532 5415 inuidia
1556 5366 1733 5415 Bamb.
1750 5368 1870 5418 Met.

633 5356 911 5470 XXXIIII<
923 5423 1181 5488 (XXXIII
1204 5425 1372 5492 Met..)
1406 5431 1488 5479 De
1516 5433 1765 5483 sente-ntra
1795 5434 1856 5499 qs.
1890 5439 2085 5487 textum
2115 5438 2456 5490 cenventalem
2489 5444 2605 5495 Act.
2638 5444 2744 5497 xiv.
2780 5459 2805 5495 a
2840 5445 2868 5495 ὅ
2903 5444 2955 5498 δὲ
2991 5445 3162 5512 Κυρως
3194 5448 3372 5501 ἔδωκεν
3404 5451 3538 5518 ταχυ
3561 5453 3765 5521 εἰρήνην.

2112 5577 2233 5627 D2
