4825 6525
656 1115 1064 1202 ACTUS
1144 1115 1978 1200 APOSTOLORU
1993 1116 2114 1199 M.

714 1371 873 1421 [κείν.
916 1369 1093 1437 incipit
1122 1369 1166 1434 1,
1188 1369 1429 1437 incipiunt
1458 1369 1590 1420 tituli
1612 1368 1681 1431 Θ,
1703 1367 1944 1434 incipiunt
1977 1368 2198 1434 capitula
2229 1368 2321 1418 Fv
2342 1385 2380 1426 c,
2403 1367 2648 1432 incipiunt
2682 1365 2906 1432 capitula
2938 1373 3137 1418 actuum
3172 1366 3363 1435 (actum
3397 1369 3467 1432 T)
3500 1369 3844 1437 apostolorum

646 1452 855 1515 BKTU,
901 1452 1141 1518 incipiunt
1188 1451 1410 1517 capitula
1461 1451 1732 1517 (capitulae
1783 1450 1850 1514 C)
1896 1451 2014 1501 libri
2065 1460 2266 1502 actuum
2314 1451 2577 1515 (hactnum
2627 1449 2746 1514 CR)
2804 1451 3146 1516 apostolorum
3200 1453 3354 1502 CMR
3398 1454 3523 1505 Met.
3574 1465 3620 1518 7,
3666 1454 3842 1521 incipit

644 1535 938 1601 capitulatio
969 1536 1216 1600 sequentis
1246 1535 1361 1585 libri
1393 1533 1572 1585 Bamb.
1607 1534 1673 1585 A.
1718 1533 1759 1584 1.
1785 1543 1835 1598 7,
1871 1534 2145 1585 indiculum
2178 1533 2299 1598 quid
2332 1533 2535 1584 fecerint
2569 1532 2789 1597 opostoli
2821 1533 2874 1582 in
2907 1533 3101 1584 actibus
3134 1535 3236 1585 suis
3267 1541 3323 1584 ut
3357 1535 3504 1586 facile
3536 1536 3757 1588 inuenies
3790 1538 3843 1588 id

644 1616 779 1683 qnod
799 1617 877 1667 uis
897 1617 941 1667 si
963 1632 1054 1684 per
1074 1632 1304 1668 numeros
1322 1631 1605 1682 percurrens
1626 1615 1846 1682 capitula
1866 1615 2181 1682 perquisieris
2203 1614 2281 1676 G;
2317 1614 2462 1665 nihil
2476 1613 2620 1665 hahet
2642 1614 2721 1677 Ag
2753 1613 2918 1679 deficit
2937 1614 2973 1665 S
2995 1631 3151 1681 usque
3170 1616 3241 1666 ad
3255 1624 3360 1681 cap.
3384 1629 3489 1668 vn.

1124 1932 1172 1982 V

648 2024 739 2074 Ex
803 2023 1015 2076 editione
1090 2023 1353 2075 Thomu-rii
1425 2025 1525 2074 uol.
1600 2024 1645 2076 1.

701 2112 760 2171 p.
785 2108 899 2171 348·

647 2420 696 2482 1.
738 2420 879 2481 Post
924 2422 1260 2500 passionem
1297 2438 1465 2481 suam
1520 2419 1645 2481 Do·

727 2517 923 2576 minus
955 2516 1019 2574 in
1048 2514 1244 2575 multis
1284 2515 1645 2593 argumentis

730 2619 971 2689 apparet
1028 2608 1361 2688 discipulis;
1434 2619 1495 2670 et
1550 2609 1647 2670 die

727 2703 1180 2783 quadragesimo
1206 2702 1490 2764 allocutus
1520 2721 1641 2778 eos,

727 2799 990 2858 ascendit
1056 2798 1119 2858 in
1187 2798 1448 2859 caelum:
1521 2798 1639 2877 qui,

727 2892 1194 2971 promittentibus
1248 2892 1492 2970 Angelis
1560 2893 1644 2951 sic

727 3004 865 3047 eum
905 3004 1037 3047 esse
1078 2995 1408 3060 uenturum,
1451 3006 1645 3066 regre-

728 3081 961 3141 diuntur
981 3081 1042 3140 in
1073 3079 1461 3141 Hierusalem.

644 3392 726 3457 11.
756 3393 852 3455 Ad
870 3354 1283 3473 complendam
1306 3392 1643 3478 l'salmistae

725 3488 1106 3569 prophetiam,
1127 3489 1510 3551 duodecimus
1533 3507 1643 3568 pro

725 3584 874 3646 Iuda
913 3585 1186 3645 traditore
1230 3582 1508 3645 Matthias
1544 3602 1641 3644 or-

724 3679 955 3738 dinatur
980 3677 1315 3757 Apostolus

644 3771 753 3837 ΙΙΙ.
796 3771 1104 3852 Completa
1151 3773 1246 3833 die
1294 3773 1638 3834 Pentecoste

724 3865 1085 3926 descendens
1115 3865 1357 3943 Spiritus
1388 3865 1657 3926 Sanctus*

725 3961 786 4020 in
834 3959 1169 4039 discipulos,
1220 3961 1509 4019 uariarum
1555 3961 1639 4020 eis

725 4053 896 4114 tradit
931 4054 1230 4113 scientiam
1272 4054 1633 4131 linguarum:

724 4148 887 4227 quod
903 4148 1201 4209 audientes
1213 4145 1432 4225 Iudaei,
1443 4159 1637 4210 musto

723 4262 827 4305 eos
852 4261 980 4303 esse
1009 4241 1217 4321 plenos
1245 4254 1594 4303 asseuerant.

642 4337 749 4400 IV.
821 4337 996 4399 Stans
1049 4336 1252 4399 Petrus
1327 4355 1463 4398 cum
1529 4356 1637 4397 un·

723 4433 932 4505 decim,
963 4432 1359 4493 testimonium
1386 4431 1458 4492 de
1500 4430 1638 4492 Iesu

722 4527 1019 4607 perhibet:
1064 4537 1121 4587 et
1154 4527 1494 4606 compuncti
1534 4527 1637 4606 qui

722 4622 980 4694 audiunt,
1029 4620 1291 4694 credunt,
1340 4632 1400 4681 et
1447 4621 1637 4699 bapti·

724 4727 924 4777 zantnr
952 4736 966 4776 :
1036 4725 1213 4795 atque
1279 4715 1637 4776 adieciuntur

720 4809 1016 4871 Ecclesiae
1054 4810 1284 4871 animae
1325 4810 1491 4888 quasi
1530 4811 1636 4870 tria

722 4904 896 4964 milia.

705 5053 867 5104 Notae
886 5052 960 5102 ad
973 5053 1104 5103 codd.
1127 5053 1186 5104 M
1207 5059 1292 5104 etc.
1356 5052 1400 5103 L
1431 5067 1526 5104 om.
1555 5053 1779 5102 domini
1800 5052 1984 5104 Bamb.

1279 5134 1478 5178 quarm
1508 5119 1594 5183 qni
1618 5119 1797 5168 Bamb.
1925 5121 2046 5171 uui·
2070 5122 2403 5171 mulieribus
2428 5117 2505 5169 bis
2523 5133 2619 5170 scr.
2643 5117 2716 5168 M.

1587 5186 1752 5236 iude:
1788 5183 2002 5236 inlaesus
2021 5186 2147 5238 Met.

705 5316 770 5368 v.
802 5319 959 5371 lohel
970 5330 1010 5371 ψ
1021 5333 1050 5368 e
1072 5316 1252 5367 Bamb.
1287 5285 1307 5305 ⁶
1382 5320 1641 5368 nantum
1656 5330 1691 5370 ψ
1706 5332 1761 5369 ne
1780 5331 1841 5369 ac
1862 5316 2043 5371 Bm.
2064 5317 2191 5368 Met.

704 5119 776 5170 11.
808 5126 1002 5184 aposta.
1024 5119 1150 5171 Met.

706 5184 806 5236 111.
839 5184 1095 5250 praecibus
1115 5201 1145 5234 a

705 5251 830 5301 1111.
864 5265 1103 5317 assumps.

1296 5221 1309 5236 .
1330 5186 1456 5237 Met.

1177 5250 1291 5301 amb

1749 1932 1808 1983 M
1853 1931 1970 1997 (ale.
2026 1930 2342 1982 Monacensis
2396 1930 2514 1981 Lat.
2565 1927 2740 1993 6230),
3326 1932 3375 1983 G

1813 2013 2191 2080 Bambergemis
2204 2014 2271 2065 A.
2291 2013 2335 2063 I.
2356 2023 2404 2078 7,
2427 2012 2671 2062 Metenszlr
2695 2022 2741 2077 7.

1750 2426 1795 2486 1.
1836 2419 1930 2481 De
1950 2421 2224 2497 passione
2244 2430 2304 2480 et
2324 2420 2746 2480 resurrectione

1827 2514 2051 2576 domini
2091 2525 2151 2575 et
2187 2515 2526 2575 ascensione
2555 2524 2613 2573 et
2642 2513 2744 2574 ad·

1831 2620 2026 2670 uentu.

1747 2892 1827 2955 11.
1870 2892 1963 2953 De
2009 2889 2467 2970 congregatione
2510 2901 2745 2970 aposto-

1826 2988 2017 3047 lorum
2041 2996 2101 3047 et
2121 2987 2384 3048 oratione
2404 3003 2584 3064 quam
2608 3003 2745 3045 cum

1828 3080 2126 3141 altricibus
2206 3079 2327 3139 suis
2409 3077 2748 3139 mulieribus

1828 3173 2201 3234 celebrarent.

1746 3391 1859 3453 ΠΙ.
1899 3391 1993 3453 De
2049 3393 2271 3453 mathia
2325 3391 2428 3472 qui
2472 3393 2745 3470 precibus
2847 3398 2894 3462 1.
2938 3402 3143 3465 Petrus
3183 3404 3439 3484 loquitur
3473 3404 3548 3466 de
3577 3405 3715 3467 iuda
3743 3449 3757 3465 .
3785 3406 3846 3465 in

1828 3487 2228 3567 8ΡΟΒῑθῙΟΓῑΠῐΙ
2351 3488 2742 3565 apostolatum
2928 3499 3092 3559 cuius
3144 3498 3341 3560 locum
3396 3499 3669 3561 matthias
3724 3498 3846 3560 ele-

1826 3582 1959 3642 iude
1986 3583 2260 3660 suscepit.
2925 3593 3097 3669 gitur,

1744 3762 1888 3825 1111.
1936 3763 2029 3825 De
2069 3765 2269 3845 spiritu
2314 3774 2521 3825 sancto
2563 3784 2741 3845 quem
2843 3772 2937 3834 De
3026 3785 3404 3852 pentecosten
3485 3787 3543 3838 et
3623 3776 3841 3856 linguis

1824 3860 1985 3919 iuxta
2031 3858 2385 3936 promissum
2435 3857 2742 3921 saluatoris
2922 3869 3095 3929 uariis
3121 3869 3339 3932 diuisis.

1822 3952 2073 4030 apostoli
2100 3953 2567 4031 adsumpserunt.

1742 4425 1813 4486 V.
1874 4425 1968 4488 De
2015 4424 2304 4505 propheta
2358 4424 2517 4486 iohel
2572 4426 2736 4487 cuius
2837 4432 2951 4495 111.
3001 4432 3096 4494 De
3151 4432 3427 4511 passione
3472 4445 3532 4496 et
3586 4451 3836 4496 resurre-

1817 4520 2150 4601 tgstimonio
2175 4529 2444 4580 sanctum
2471 4537 2608 4580 suos
2635 4539 2733 4579 ac·
2918 4528 3107 4590 ctione
3131 4538 3190 4588 et
3216 4545 3526 4589 ascensum
3550 4528 3767 4591 christi.

1819 4615 2045 4691 cepisse
2123 4614 2390 4693 spiritum
2480 4631 2732 4691 conpro-

1819 4709 2045 4769 barunt.
2641 4689 2658 4708 ’

2118 5060 2175 5110 >
2210 5053 2428 5104 aduentu
2449 5059 2502 5102 et
2522 5066 2683 5103 ascen.
2706 5051 2884 5102 Bamb.
3014 5066 3110 5102 om.
3133 5056 3194 5103 et
3215 5066 3395 5103 ωοοιι.
3422 5052 3549 5102 Met.

2850 5116 3167 5169 celebrabant
3189 5118 3367 5169 Bamb.
3390 5119 3514 5168 alet.

2320 5315 2638 5382 comprobari
2658 5314 2836 5369 Bamb.
2862 5314 2989 5368 Met.
