4825 6525
641 1215 878 1293 nauigat
906 1213 1201 1293 Cyprum3
1243 1223 1302 1272 et
1346 1211 1558 1272 Paulus

640 1310 824 1370 electo
836 1308 973 1387 Syla
988 1307 1254 1387 peruenit
1265 1305 1554 1384 Lystram,

643 1405 743 1465 ubi
800 1402 1180 1464 Timotheum
1241 1401 1557 1462 adsumens

643 1497 1022 1559 circumcidit.

1488 1925 1515 1958 Ο

564 1971 882 2034 XXXVIL
945 1970 1290 2031 Prohibetur
1344 1968 1561 2029 Paulus

642 2068 803 2145 loqui
858 2067 1105 2125 uerbum
1159 2065 1221 2123 in
1263 2064 1407 2124 Asia
1465 2061 1559 2122 uel

644 2161 910 2234 Bithinia,
953 2171 1012 2221 et
1042 2159 1425 2220 Macedoniae
1455 2176 1561 2235 po·

646 2257 762 2316 tius
829 2255 1229 2333 euangelizare
1295 2254 1561 2313 iubetur:

643 2350 745 2410 ubi
785 2350 1124 2420 adueniens,
1167 2347 1417 2425 primam
1446 2344 1562 2424 Ly-

646 2444 804 2504 diam
848 2442 1246 2521 purpurariam
1276 2440 1561 2500 conuertit

647 2537 723 2598 ad
750 2535 1090 2597 Dominum.

562 2810 916 2872 XXXVIII.
959 2811 1127 2872 Idem
1167 2810 1491 2888 pythonem
1523 2827 1559 2869 a

644 2906 837 2985 puella
884 2905 1079 2966 eiecit:
1150 2916 1209 2965 et
1263 2912 1562 2965 commota

644 3000 877 3061 ciuitate
905 2999 1231 3077 flagellatus
1259 3018 1397 3059 cum
1444 2997 1564 3058 Sila

644 3095 861 3155 carceri
876 3093 1078 3154 datur:
1123 3094 1282 3172 quia
1298 3093 1560 3153 Domino

647 3189 820 3251 soluti
875 3188 1260 3249 carcerarium
1305 3186 1563 3250 catechi-

645 3294 840 3346 zatum
868 3285 1183 3362 baptizant.

568 3936 859 3999 XXXIX.
944 3937 1418 3998 Praedicantibus
1504 3937 1565 3996 in

650 4032 1078 4094 Thessalonica
1105 4031 1291 4092 Paulo
1318 4042 1378 4092 et
1409 4032 1564 4109 SyIa,

648 4127 817 4188 multi
877 4127 1154 4188 credunt:
1237 4138 1298 4186 at
1366 4126 1566 4186 Iudaei

650 4221 1002 4283 conturbant
1071 4219 1384 4293 ciuitatem,
1452 4231 1565 4281 tra-

650 4316 854 4378 hentes
919 4315 1194 4377 Iasonem
1263 4315 1341 4375 ad
1406 4315 1566 4394 prin-

648 4410 824 4490 cipes.
909 4408 1255 4470 Praedicant
1287 4411 1567 4473 abeuntes

650 4507 710 4564 in
738 4505 998 4566 Beroea:
1044 4505 1150 4565 sed
1191 4515 1250 4565 et
1290 4505 1426 4567 inde
1464 4503 1564 4565 Iu·

649 4599 809 4660 daeis
856 4599 1338 4678 persequentibus
1391 4600 1561 4679 pulsi,

649 4691 1063 4754 transferuntur
1088 4694 1367 4755 Athenas.

1643 724 1695 782 A
1709 721 1941 785 CTUS
1978 720 2384 783 APOSTOL
2395 721 2514 783 oR
2526 720 2680 782 UM.

1803 891 1877 942 M.
1899 891 2079 940 Bamb.
2102 891 2166 941 A.
2185 889 2228 940 1.
2247 903 2295 954 7,
2316 889 2440 942 Met.
2467 902 2513 955 7.

1737 1207 2118 1269 sollicitudine
2151 1224 2302 1285 quae
2338 1205 2652 1284 epistulam

1736 1303 2140 1380 apostolorum
2156 1300 2381 1379 impleri
2391 1301 2655 1361 ciuitates

1738 1396 2005 1458 circuens
2031 1395 2391 1456 hortabatur.

1658 1490 2040 1550 XXXVIIII.
2085 1488 2180 1549 De
2215 1491 2388 1550 rebus
2424 1499 2655 1550 contra·

1741 1585 1839 1645 riis
1865 1595 1929 1644 ut
1948 1583 2158 1662 paulus
2176 1583 2522 1644 timotheum
2544 1585 2655 1644 cir-

1740 1679 2095 1740 cumcideret
2122 1722 2139 1739 .
2172 1688 2227 1737 et
2258 1677 2656 1755 apostolorum

1741 1782 1951 1833 statuta
2037 1772 2331 1850 discipulis
2418 1772 2658 1833 sollicite

1742 1867 2197 1929 commendaret.

1665 2798 1796 2863 XL.
1826 2798 1921 2860 De
1942 2797 2146 2878 spiritu
2169 2797 2446 2878 pythonis
2467 2799 2668 2877 fugato

1747 2895 1912 2955 cuius
1995 2911 2174 2954 causa
2255 2893 2463 2980 paulus
2530 2911 2668 2954 cum

1748 2989 1951 3049 ceteris
2034 2987 2393 3067 grauissimis
2478 2988 2669 3067 plagis

1747 3082 2011 3144 adfectus
2102 3082 2261 3143 sacto
2356 3091 2668 3144 terremotu

1749 3195 1885 3239 cum
1930 3186 2087 3238 esset
2130 3177 2322 3237 iussus
2366 3176 2538 3237 educi
2592 3176 2667 3236 de

1749 3290 1976 3334 carcere
2027 3272 2219 3333 ciuem
2263 3290 2327 3333 se
2371 3271 2668 3349 professus

1749 3377 1837 3428 est
1864 3385 1994 3428 esse
2022 3385 2351 3428 romanum.

1669 3936 1832 4000 XLI.
1860 3935 1954 3997 De
1971 3936 2280 3999 calumniis
2291 3954 2437 4015 quas
2455 3936 2671 3998 sanctis

1750 4033 2026 4092 societate
2055 4031 2373 4091 forensium
2399 4029 2671 4090 doctores

1751 4144 1984 4204 semper
2074 4125 2364 4187 falsissimi
2451 4124 2671 4186 machi·

1751 4232 1982 4283 uantur.

3684 734 3763 799 23

2767 1960 3098 2022 XXVIIII.
3143 1960 3457 2022 Somnium
3498 1960 3653 2039 pauli
3694 1960 3768 2021 de

2829 2053 2976 2115 ‘uiro
3005 2055 3348 2117 macedone.

2772 2524 2969 2586 XXX.
3045 2525 3138 2587 De
3205 2526 3360 2605 lydia
3427 2528 3770 2606 purpuraria

2849 2638 2985 2681 cum
3014 2621 3133 2682 suis
3159 2622 3468 2701 baptizata.

2773 2799 3002 2862 XXXI.
3045 2800 3261 2862 Paulus
3282 2802 3428 2863 eicet
3444 2801 3771 2881 phytonem

2855 2893 3111 2955 mulieris
3159 2897 3401 2957 ancillae
3446 2897 3550 2957 sed
3602 2898 3771 2977 plebs

2855 2989 3095 3067 paulum
3148 3000 3208 3050 et
3263 2991 3466 3051 sileam
3526 2994 3587 3050 in
3643 2992 3772 3053 foro

2855 3082 3179 3162 perducunt
3209 3130 3223 3145 .
3252 3103 3403 3163 quos
3457 3104 3662 3147 caesos
3709 3088 3771 3148 in

2855 3195 3102 3237 neruum
3198 3180 3495 3239 miserunt.
3621 3178 3771 3241 Item

2853 3282 3036 3334 terrae
3079 3285 3304 3335 motum
3343 3274 3561 3335 factum
3598 3274 3770 3337 soluti

2855 3362 3036 3446 (soliti
3076 3365 3224 3451 cod.)
3270 3378 3404 3429 sunt
3433 3413 3448 3429 .
3476 3379 3534 3429 et
3573 3380 3770 3431 custos

2856 3462 3101 3523 carceris
3124 3480 3259 3522 cum
3289 3463 3407 3523 suis
3431 3463 3786 3542 baptizatus·

2773 3554 3040 3615 XXXII.
3110 3555 3488 3633 Magistratus
3553 3555 3771 3640 (alitus

2852 3650 2995 3728 cod.)
3023 3651 3181 3712 iubet
3207 3651 3418 3711 dimitti
3446 3651 3519 3711 de
3540 3670 3771 3712 carcere

2854 3744 3154 3821 apostolos
3180 3741 3391 3825 (-lus*)
3415 3744 3595 3823 paulo
3628 3764 3771 3807 con-

2856 3842 3186 3903 tradicente.

2775 3935 3066 3998 XXXIII.
3122 3937 3323 3999 Iudaei
3363 3937 3625 3999 iasonem
3665 3956 3769 3999 uo-

2855 4030 2978 4091 lunt
3007 4030 3233 4092 trahere
3259 4048 3368 4110 pro
3396 4031 3587 4111 paulo,

569 4785 824 4845 XXXX.
883 4786 1097 4846 Paulus
1144 4806 1283 4847 cum
1331 4788 1563 4849 Iudaeis
1669 4786 1862 4848 XLII.
1925 4786 2020 4846 De
2066 4787 2317 4865 apostoli
2380 4788 2669 4866 sapientia
2773 4787 3095 4850 XXXIIII.
3136 4787 3348 4849 Paulus
3373 4804 3512 4849 cum
3538 4787 3773 4850 filosofis

648 4893 710 4941 et
763 4879 1121 4954 Colentibus,
1167 4899 1306 4941 cum
1353 4881 1564 4960 Epicu.

1749 4901 1889 4944 cum
1915 4900 2041 4942 non
2068 4880 2263 4943 solum
2289 4900 2427 4943 cum
2447 4880 2668 4943 iudaeis

634 5038 796 5087 Notas
815 5036 889 5086 ad
903 5037 1033 5087 codd.
1058 5036 1113 5086 M
1135 5044 1218 5087 etc.
1290 5038 1594 5090 XXXVIII.
1627 5038 1955 5091 sollititudine
1978 5039 2054 5100 M,
2076 5038 2368 5090 ·citudinem
2389 5039 2567 5090 Bamb.

566 5102 749 5153 Bamb.
882 5103 1175 5152 circumiens
1198 5103 1254 5153 M
1275 5120 1288 5162 ;
1321 5118 1418 5155 om.
1444 5106 1569 5156 Met.

633 5167 947 5217 XXXVIIII
971 5167 1319 5235 (XXXVIII).
1358 5175 1427 5219 ut
1456 5174 1660 5227 paulun
1691 5168 2070 5221 timotheumz
2100 5177 2154 5220 et
2190 5169 2268 5233 (ut
2288 5171 2411 5221 Met.
2464 5169 2643 5234 paulus
2672 5177 2723 5222 et
2754 5166 3027 5220 timotheus
3059 5168 3238 5218 Bamb.
3272 5169 3399 5219 Met.

1063 5239 1278 5284 statuto
1308 5249 1344 5286 -ι-
1375 5235 1545 5286 christi
1570 5234 1749 5289 Bamb.
1771 5236 1895 5287 Met.

633 5298 732 5348 XL
757 5298 1094 5362 (XXXVIIII
1114 5299 1280 5363 Mea).
1304 5303 1375 5350 de
1388 5307 1475 5366 pr.
1485 5301 1649 5367 periit
1669 5301 1730 5351 in
1753 5301 1829 5353 M.

567 5233 785 5285 ciderent
805 5234 930 5283 Met.

566 5363 767 5415 affectus
788 5364 970 5415 Bamb.
991 5364 1115 5416 Met.

1963 5236 2365 5287 commendarent
2437 5235 2566 5285 amb.

2049 5301 2254 5368 pytonis
2273 5301 2414 5361 Met..
2444 5300 2665 5367 phitonis
2687 5300 2867 5353 Bamb.

2852 4883 3108 4960 disputat
3137 4925 3152 4941 .
3181 4893 3238 4942 et
3280 4884 3620 4959 ariopagum
3668 4882 3772 4942 ad-

2702 5055 2799 5106 que
2821 5038 3024 5101 Bamb„
3045 5052 3192 5102 quem
3214 5038 3290 5088 M.
3423 5037 3689 5103 epistolam
3714 5037 3770 5086 M

3562 5169 3771 5220 eircum-

3094 5314 3227 5351 oum
3246 5313 3310 5351 οο
3320 5298 3593 5366 perierunt
3612 5300 3673 5350 in
3696 5298 3770 5352 M.

636 5430 758 5480 XLI
798 5430 918 5494 (XL
949 5429 1119 5495 Men).
1156 5431 1452 5496 calumpniis
1485 5432 1666 5484 Bamb.
1750 5435 2020 5484 societas
2057 5432 2177 5498 (sot.
2218 5430 2299 5496 M)
2335 5434 2651 5483 forensium
2683 5431 2782 5486 zze.
2813 5427 3053 5497 ἀγοραίων
3083 5430 3147 5496 cs.
3178 5433 3293 5485 Act.
3325 5430 3443 5483 xvii.
3477 5446 3538 5497 53
3589 5429 3678 5482 hoc
3707 5445 3771 5481 ex

570 5495 964 5546 Donatistarum
983 5503 1131 5561 parte
1136 5495 1326 5562 forsan
1347 5497 1535 5548 dt‘cttun
1556 5505 1627 5548 est
1637 5514 1663 5559 ;
1695 5498 1812 5548 υἱώ
1822 5504 1882 5564 p.
1909 5513 1954 5562 5.

636 5560 786 5611 XLII
811 5561 957 5628 (XLI
979 5560 1148 5627 Met.).
1183 5566 1426 5621 apostoli
1449 5563 1505 5613 M
1530 5579 1544 5612 ε
1577 5564 1855 5631 apostolica
1876 5563 2056 5616 Bamb.
2081 5565 2205 5615 Met.

2093 5498 2378 5549 machinam
2398 5497 2523 5549 Met.

2331 5571 2561 5629 eumpr-
2586 5564 2784 5629 :periit
2804 5564 2865 5615 in
2887 5564 2974 5626 M3
3008 5564 3087 5614 cui
3113 5563 3235 5614 Met.

3382 5563 3511 5613 iude.
3534 5561 3713 5612 Bamb.
