4825 6525
1682 728 1734 784 Α
1750 722 1979 785 CTUS
2020 722 2427 785 APOSTOL
2440 723 2557 784 OR
2570 723 2724 784 ΠΜ.
3308 761 3320 773 ·
3767 744 3806 808 9

1078 887 1121 935 V
1856 891 1930 940 M.
1955 891 2133 941 Bamb.
2159 892 2223 942 A.
2249 891 2291 940 Ῐ.
2319 902 2363 955 7.
2386 893 2509 941 Met.
2530 906 2577 957 7.
3287 894 3338 942 G

1703 1248 1811 1308 VI.
1854 1246 1947 1308 De
1985 1248 2206 1308 iudaeis
2240 1248 2340 1326 qui
2383 1249 2542 1307 iuxta
2570 1246 2704 1306 hor-

1786 1344 2065 1404 tationem
2106 1343 2252 1420 petri
2292 1341 2547 1419 apostoli
2575 1359 2704 1401 cru·

1783 1438 2036 1497 cifixisse
2065 1454 2129 1495 se
2165 1434 2476 1496 dominum
2505 1436 2703 1513 paeni-

1784 1529 2002 1588 tebant.

596 2106 672 2167 V.
747 2107 1144 2170 Pulcherrima
1197 2110 1258 2170 in
1310 2110 1601 2173 Hieroso·
1702 2110 1840 2170 VII.
1883 2108 1976 2170 De
1999 2097 2181 2171 tribus
2209 2112 2444 2171 milibus
2468 2110 2703 2172 iudaeo-
2809 2112 3070 2175 XXXII.
3142 2114 3234 2175 De
3289 2117 3459 2194 panis
3530 2116 3812 2177 fractione

680 2203 853 2281 lymis
932 2206 1226 2266 nascentis
1295 2205 1598 2267 Ecclesiae
1782 2203 2321 2283 rumelemosynam
2342 2206 2703 2283 sanctispost
2887 2230 2995 2288 per
3022 2210 3254 2270 domos,

676 2299 800 2358 uita
854 2298 1232 2361 describitur:
1287 2300 1390 2359 ubi
1442 2300 1598 2378 Apo-
1778 2299 2175 2359 credulitatem
2205 2299 2552 2359 facientium.

678 2392 847 2452 stolis
864 2393 1032 2471 plura
1048 2394 1215 2471 signa
1231 2393 1593 2466 facientibuS,

679 2485 1038 2546 credentium
1084 2487 1345 2566 quotidie
1390 2503 1595 2547 nume-

636 2612 641 2616 ·
684 2598 782 2640 rus
812 2591 1070 2659 augetur.

600 2672 707 2735 Vl·
748 2674 954 2735 Petrus
994 2685 1053 2735 et
1096 2672 1394 2736 Iohannes
1441 2675 1595 2736 clau-
1696 2681 1867 2745 VIII.
1913 2682 2006 2743 De
2047 2683 2257 2744 claudo
2285 2702 2463 2761 quem
2498 2692 2699 2761 petrus
2802 2694 2844 2752 x·
2863 2692 3009 2752 1111.
3071 2693 3277 2754 Petrus
3318 2705 3377 2754 et
3425 2692 3708 2755 iohannes
3749 2696 3813 2754 in

679 2769 822 2829 dum
893 2770 954 2829 5¹¹
1023 2770 1288 2847 ingre—‘⁴⁸¹¹
1359 2768 1596 2847 Templi
1780 2777 2105 2839 ascendens
2201 2776 2277 2837 ad
2372 2777 2696 2837 orationem
2881 2787 3101 2866 templo
3143 2788 3460 2849 ascendent
3512 2807 3680 2850 orare
3737 2787 3814 2849 ad

680 2863 905 2924 saluam
935 2884 949 2923 :
991 2875 1050 2925 et
1077 2864 1401 2924 admirante
1423 2882 1597 2942 super
1780 2873 1933 2933 circa
1982 2871 2190 2932 horam
2236 2890 2456 2931 nonam
2506 2887 2697 2930 rerum
2883 2883 3092 2943 horam
3120 2882 3231 2943 diei
3259 2900 3480 2943 nonam
3509 2927 3523 2942 ,
3553 2881 3704 2943 Item
3738 2881 3812 2943 de

681 2957 797 3019 hoc
825 2958 1065 3037 popl-1¹02
1095 2961 1158 3039 in
1190 2959 1428 3019 nomine
1459 2958 1597 3018 Iesu
1779 2975 2121 3043 contemptu
2149 2965 2360 3024 uirtute
2388 2965 2629 3026 curallst.
2885 2976 3058 3037 clodo
3094 2997 3168 3037 ex
3199 2987 3365 3038 utero
3408 2977 3604 3037 matris
3642 2995 3809 3037 men-

678 3070 814 3113 eum
912 3062 1179 3114 sanatum
1266 3052 1595 3113 declarant:
1699 3057 1903 3120 VIIII.
1987 3060 2078 3119 De
2161 3060 2435 3136 sospitate
2505 3059 2698 3119 claudi
2882 3071 3175 3132 dicantem
3211 3083 3270 3131 et
3299 3072 3371 3130 de
3405 3071 3637 3148 agenda
3668 3089 3806 3149 ρας-

680 3164 833 3226 quos
874 3149 1351 3226 superuenientes
1395 3147 1595 3208 Sacer·
1782 3171 1961 3231 quem
1984 3152 2181 3214 christi
2205 3154 2413 3213 uirtute
2438 3164 2699 3213 curatum
2882 3166 3137 3226 nitentia,

681 3242 847 3303 dotes
892 3253 949 3303 et
998 3241 1324 3304 Sadducaei
1365 3244 1424 3303 in
1470 3262 1595 3304 car·
1780 3249 1882 3326 qui
1919 3246 1995 3309 ad
2031 3248 2291 3327 ipsorum
2333 3249 2701 3309 restauratio-

679 3356 876 3398 cerem
923 3338 1175 3412 tradunt,
1227 3338 1597 3399 credentibus
1781 3362 1917 3402 nem
1946 3354 2226 3403 uenerant
2256 3343 2678 3421 adprobabant.

681 3431 757 3492 de
812 3434 980 3493 turba
1036 3434 1295 3511 quinque
1362 3433 1597 3492 milibus

683 3527 954 3586 uirorum.

1701 3646 1778 3709 X.
1829 3646 1921 3707 De
1970 3645 2388 3707 resurrectione
2440 3654 2695 3705 mortuo·
2801 3651 2908 3713 VI,
2957 3650 3253 3713 nocentes
3302 3651 3549 3729 apostoli
3592 3651 3652 3709 in
3699 3667 3796 3710 cu⁴

1780 3758 1912 3801 rum
1951 3753 2011 3801 et
2048 3738 2289 3800 humani
2314 3739 2545 3817 generis
2573 3755 2695 3798 me·
2883 3745 3133 3806 stodiem
3163 3744 3483 3807 traduntur.

1779 3830 1911 3892 dela
1956 3840 2193 3908 propter
2240 3846 2421 3907 quam
2467 3829 2527 3889 in
2570 3848 2693 3890 car·

1779 3943 1970 3986 cerem
2000 3936 2133 3983 sunt
2161 3924 2365 3982 retrusi
2395 3924 2660 4000 apostoli.

598 4323 737 4386 VII.
799 4324 967 4387 Idem
1023 4325 1247 4386 reducti
1303 4323 1380 4386 ad
1435 4325 1593 4386 Con-

675 4420 887 4494 cilium,
962 4419 1301 4481 fiducialiter
1370 4419 1596 4498 praedi-

681 4526 818 4576 cant
845 4516 907 4575 in
933 4515 1177 4576 nomine
1213 4512 1351 4576 Iesu
1379 4512 1596 4575 Christi

679 4611 912 4671 unioem
970 4628 1100 4670 esse
1164 4609 1391 4670 cunctis
1438 4610 1594 4668 uiam

676 4703 911 4767 salutis:
968 4723 1038 4765 ac
1083 4705 1379 4782 principes
1420 4704 1593 4764 inter-

676 4798 932 4859 dicentes
980 4817 1056 4858 ne
1102 4800 1162 4859 in
1198 4797 1312 4860 hoc
1354 4799 1593 4859 nomine

677 4892 943 4965 doceant,
997 4893 1342 4970 Apostolica
1391 4904 1590 4954 aucto-

677 4987 840 5047 ritate
869 4994 1269 5047 contemnunt.

661 5137 823 5187 Notae
855 5134 928 5183 ad
952 5134 1083 5187 codd.
1107 5135 1269 5213 Mftc.
1337 5135 1430 5184 VI.
1464 5133 1594 5183 iude.
1620 5133 1800 5183 Bamb.
1823 5138 1872 5182 et
1903 5132 2020 5183 vn.
2124 5131 2312 5186 exhort.
2334 5132 2514 5183 Bamb.
2537 5133 2662 5181 Met.
2772 5131 3052 5189 apo-toli:
3083 5128 3247 5195 dcficit
3277 5142 3403 5192 apos
3437 5126 3509 5176 M.
3623 5141 3718 5176 om.
3740 5139 3801 5175 ιο

597 5201 779 5317 Bavnfi.
795 5201 1218 5316 1:223„AEst
1234 5201 1537 5316 3<sssser
1556 5272 1603 5317 et
1626 5265 1750 5315 Met.
1879 5263 2203 5316 elemosinam
2249 5263 2457 5321 Bamb.;
2492 5261 2812 5314 :elimosinas
2838 5262 2960 5314 Met.
3092 5257 3372 5309 satientium
3392 5256 3571 5308 Bamb.

658 5331 803 5382 VIII.
838 5330 969 5382 clod.
999 5331 1136 5396 (dod.
1162 5331 1286 5393 cod.)
1309 5331 1490 5382 Bamb.
1512 5338 1562 5382 et
1581 5331 1755 5381 VIIII.
1885 5336 2167 5396 contempte
2190 5330 2314 5379 Met.

662 5397 838 5447 VIIII.
870 5403 1152 5448 uenerant
1171 5412 1196 5447 e
1218 5397 1342 5447 coni.
1366 5414 1378 5448 z
1413 5403 1614 5447 uenerat
1635 5396 1765 5447 codd.
1897 5398 2289 5456 adprobabant.
2306 5411 2332 5445 e
2355 5395 2482 5446 coni.
2503 5411 2515 5446 :
2549 5396 2651 5446 -uit
2673 5395 2815 5457 Met„
2841 5391 3153 5461 approbabat
3172 5389 3382 5448 Bamb.;
3415 5388 3674 5456 adprobata
3695 5386 3770 5437 M.

662 5462 730 5515 X.
764 5462 986 5515 medelas
996 5463 1177 5516 Bamb.
1192 5463 1317 5515 Met.
1438 5478 1608 5522 quam
1634 5480 1648 5512 ε
1680 5462 1762 5528 qui
1780 5463 1958 5514 Bamb.
1982 5479 1997 5524 ;
2029 5477 2158 5527 quae
2175 5461 2299 5512 Met.
2422 5477 2613 5514 carcere
2629 5460 2812 5512 Bamb.
2911 5466 3022 5509 sunt
3039 5455 3157 5509 trusi
3175 5456 3318 5515 Mag
3356 5462 3473 5513 >tr.
3492 5460 3605 5505 sunt
3619 5451 3799 5504 Bamb.

2175 5608 2217 5657 C
