4825 6525
1069 719 1153 768 20
2341 709 2448 771 CA
2457 708 2798 772 PJTULA
2854 709 2970 771 IN

1540 876 1588 926 A
2166 875 2541 937 BFOKRSUc3
2585 876 2712 928 codd.
2756 877 2873 928 (sat.
2909 891 3058 942 4221,
3104 880 3159 929 S.
3721 877 3815 928 CT

2228 942 2405 1004 Pauli,
2474 943 2518 993 S
2582 944 2742 1003 Petri,
2818 944 2959 994 Orat.
3028 943 3170 1010 apud

2234 1007 2559 1057 Thomasium
2576 1024 2601 1069 ;
2645 1009 2744 1059 cod.
2776 1009 2920 1061 Corb.
2961 1024 2986 1058 2
3025 1008 3168 1075 apud

2226 1072 2471 1125 Sabatier.

1142 1191 1541 1271 praedicantes
1622 1193 1683 1252 in
1759 1209 2063 1271 synagoga
2239 1190 2582 1251 iudaeorum
2618 1200 2677 1251 et
2712 1209 3021 1270 grecorum
3057 1210 3159 1254 co·
3346 1205 3612 1273 tempore
3680 1195 3896 1257 docent
3963 1205 4021 1256 et
4097 1197 4266 1274 signa

1141 1285 1509 1348 crediderunt
1583 1285 1928 1347 iudaeorum
2005 1298 2062 1346 et
2241 1284 2410 1362 piosa
2437 1284 2765 1346 multitudo.
3348 1287 3568 1350 faciunt
3613 1289 3773 1350 unde
3821 1306 3925 1350 eos
3969 1290 4266 1370 expellunt

1138 1399 1445 1471 grecorum
1467 1382 1709 1460 copiosa
1732 1381 2061 1443 multitudo.
3345 1382 3516 1443 iudei.

1060 1560 1349 1623 XXXIX.
1395 1562 1512 1624 Ubi
1539 1564 1748 1643 paulus
1780 1564 1844 1624 in
1870 1564 2061 1642 lystris
2164 1565 2547 1627 XXXVIIII.
2578 1567 2649 1626 In
2678 1567 2862 1646 lystris
2888 1568 3160 1630 claudum
3264 1563 3459 1625 XXX.
3502 1564 3717 1626 Paulus
3746 1567 3810 1625 in
3831 1566 4002 1627 listris
4029 1565 4263 1627 clodum

1140 1656 1415 1719 claudum
1484 1677 1558 1719 ex
1626 1669 1792 1720 utero
1860 1659 2061 1720 matris
2242 1680 2317 1721 ex
2345 1671 2514 1722 utero
2540 1662 2738 1722 matris
2775 1679 2915 1724 suae
2954 1661 3160 1740 paulus
3344 1670 3505 1720 curat
3559 1660 3660 1719 ubi
3715 1678 3852 1720 eum
3916 1660 4263 1748 mercurium

1140 1753 1365 1813 curauit
1400 1763 1461 1813 et
1500 1754 1602 1813 ubi
1640 1754 1880 1831 paulum
1909 1772 2060 1814 mer·
2243 1765 2427 1815 sanat.
3346 1754 3665 1814 barnabam
3720 1771 3862 1814 uero
3912 1754 4110 1814 iobem
4159 1771 4264 1814 uo-

1137 1847 1364 1906 curium
1407 1857 1769 1907 uocauerunt
1825 1857 1883 1907 et
1931 1849 2060 1908 bar-
3347 1857 3498 1907 cant.

1141 1941 1337 2000 naban
1364 1942 1578 2001 iouem.

1058 2031 1188 2095 XL.
1229 2032 1488 2106 Quidam
1528 2034 1945 2095 descendentes
1988 2035 2059 2096 de
2162 2034 2288 2099 XL.
2327 2037 2447 2097 Ubi
2473 2037 2714 2116 quidam
2737 2036 3159 2098 descendentes
3263 2028 3490 2089 XXXI·
3534 2027 3628 2090 De
3669 2030 3920 2092 antiocia
3967 2030 4266 2092 uenientes

1137 2126 1344 2186 iudaea
1415 2126 1707 2188 docebant
1773 2129 1883 2189 nisi
1950 2130 2059 2189 cir·
2239 2130 2313 2191 de
2365 2131 2571 2192 iudaea
2617 2131 2909 2192 docebant
2954 2130 3158 2192 fratres
3346 2124 3498 2183 iudei
3553 2123 3815 2202 lapidant
3870 2123 4112 2202 paulum
4165 2126 4265 2184 ubi

1136 2220 1545 2282 cumcidamini
1620 2240 1741 2282 non
1814 2223 2058 2300 potestis
2239 2221 2571 2282 circumcidi
2589 2221 2909 2282 secundum
2931 2239 3159 2283 morem
3348 2227 3578 2295 putatur
3633 2228 3894 2280 mortuus
3961 2219 4062 2297 qui
4129 2237 4264 2279 cum

1138 2315 1280 2375 salui
1324 2316 1445 2376 fieri
1488 2316 1647 2376 unde
1693 2317 1846 2377 facta
1908 2316 2058 2378 sedi·
2238 2315 2407 2375 mosi.
3345 2312 3608 2372 barnaba
3623 2312 3759 2373 inde
3777 2329 4029 2393 pergens
4051 2314 4265 2391 ubique

1137 2411 1297 2471 tione
1337 2410 1512 2488 paulo
1543 2420 1603 2472 et
1639 2412 1929 2472 barnabae
1965 2430 2056 2472 as·
3345 2406 3622 2483 predicat.

1136 2503 1454 2565 cendemnt
1481 2504 1927 2582 hierosolymam
1957 2505 2057 2564 ubi

1137 2608 1303 2657 erant
1335 2607 1537 2675 petrus
1574 2611 1631 2657 et
1671 2598 1768 2657 alii
1808 2597 2057 2675 apostoli

1136 2691 1334 2752 uidere
1361 2691 1435 2752 de
1463 2694 1644 2753 uerbo
1669 2691 1806 2752 hoc.

1057 2784 1218 2845 XLI.
1260 2785 1379 2845 Ubi
1421 2787 1638 2864 placuit
1678 2784 1959 2861 apostolis
1999 2794 2057 2844 et
2159 2785 2320 2848 XLI.
2391 2787 2510 2849 Ubi
2578 2789 2830 2867 apostoli
2899 2788 3160 2849 scribunt
3266 2787 3530 2848 XXXII.
3571 2786 3665 2849 De
3687 2787 3870 2849 reditu
3888 2786 4099 2864 (seditu
4119 2788 4264 2868 cod.)

1138 2880 1463 2940 senioribus
1537 2881 1762 2957 elegere
1831 2876 2056 2959 (elig.*)
2241 2882 2608 2943 credentibus
2637 2902 2711 2943 ex
2738 2884 3010 2963 gentibus
3040 2902 3158 2944 non
3348 2892 3406 2943 et
3443 2884 3700 2943 barnabe
3742 2884 4054 2944 antiociam
4095 2895 4151 2944 et
4192 2884 4266 2942 de

1134 2975 1294 3033 uiros
1341 2984 1400 3033 et
1442 2974 1666 3033 mittere
1705 2972 2056 3033 anthiociam
2241 2978 2554 3037 mandasse
2609 2995 2713 3037 eos
2767 2978 2867 3056 qui
2915 2978 3159 3037 circum·
3345 2978 3652 3056 questione
3682 2978 4140 3038 circumcisionis
4154 2996 4265 3057 pro

1133 3085 1269 3128 cum
1298 3067 1475 3145 paulo
1501 3080 1560 3127 et
1582 3068 1883 3127 barnaban
1918 3067 2057 3127 scri·
2243 3070 2526 3131 cisionem
2555 3070 2985 3148 praedicabant.
3347 3089 3466 3150 qua
3520 3071 3952 3132 iherosolimam
4017 3081 4267 3152 pergunt

1137 3164 1340 3222 bentes
1366 3162 1659 3239 epistulas.
2228 3197 2236 3205 -
3349 3166 3447 3225 ubi
3475 3175 3672 3243 petrus
3710 3167 3913 3227 ceteris
3946 3166 4085 3227 dicit
4115 3184 4265 3244 quur

3347 3262 3599 3321 temtatis
3696 3261 3898 3339 iugum
3987 3262 4266 3340 inponere

3346 3355 3731 3415 credentibus.

2163 3852 2354 3912 XLII.
2397 3852 2517 3911 Ubi
2547 3853 2752 3930 paulus
2778 3861 2838 3913 et
2876 3855 3163 3914 barnabas
3268 3844 3558 3904 XXXIII·
3633 3846 3885 3907 Iacobus
3960 3847 4241 3907 confirma

2243 3946 2444 4007 directi
2499 3947 2577 4007 ab
2637 3946 2919 4025 apostolis
2976 3949 3163 4008 antio-
3348 3940 3698 4000 sententiam
3723 3941 3868 4019 petn‘
3906 3959 3980 4002 ne
4017 3942 4260 4001 circum-

2242 4041 2434 4102 chiam
2475 4050 2534 4101 et
2573 4051 2924 4120 congregata
2973 4041 3162 4101 multi-
3348 4033 3611 4095 cidantur
3664 4045 3870 4114 gentes
3925 4034 4028 4096 sed
4088 4035 4261 4094 absti-

2243 4135 2442 4196 tudine
2460 4134 2819 4196 tradiderunt
2836 4135 3162 4213 epistulam.
3348 4139 3524 4188 neant
3582 4129 3658 4188 ab
3699 4127 3868 4190 idolis
3922 4149 3958 4190 a
4013 4129 4260 4190 fornica-

3347 4223 3506 4282 tione
3533 4232 3590 4282 et
3618 4224 3839 4283 ceteris.

3265 4313 3590 4375 XXXIIII.
3650 4315 3918 4393 Epistola
3967 4317 4262 4394 apostolo-

3347 4427 3476 4467 rum
3517 4410 3593 4468 ad
3631 4409 3832 4469 fratres
3870 4413 3929 4469 in
3975 4412 4262 4470 anctiocia

3347 4519 3526 4580 quam
3568 4503 3846 4563 miserunt
3887 4521 3990 4581 per
4022 4503 4263 4580 paulum

3347 4606 3402 4654 et
3432 4607 3654 4657 ceteros
3681 4597 3838 4657 uiros
3869 4599 4103 4675 primos.

1057 4695 1248 4757 XLII.
1311 4695 1429 4761 Ubi
1496 4695 1704 4775 paulus
1758 4695 2057 4775 quendam
2165 4698 2385 4760 XLIII.
2428 4698 2520 4760 De
2550 4696 2831 4759 timotheo
2858 4697 3161 4775 discipulo.
3268 4689 3519 4750 XXXV.
3562 4690 3864 4752 Dissensio
3909 4693 4162 4752 barnabe
4199 4698 4265 4751 ‘et

1137 4790 1486 4870 discipulum
1567 4789 1807 4850 nomine
1890 4791 2058 4851 timo-
3348 4784 3503 4862 pauli
3573 4784 3647 4844 de
3716 4786 3971 4846 iohanne
4040 4804 4261 4863 eogno-

1116 4950 1280 4999 Μία
1298 4946 1373 4997 ad
1384 4946 1515 4997 codd.
1540 4946 1627 4996 BF
1628 4946 1731 4997 ΘΚ
1750 4952 1836 4996 etc.
1902 4946 2205 4997 XXXVIII.
2239 4945 2499 4995 iudeorum
2523 4945 2569 4994 R
2588 4959 2627 4993 c.
2763 4958 3021 5006 grecorum
3043 4941 3231 4993 KRSU
3252 4957 3294 4991 c.

1117 5012 1447 5064 XXXVIIII.
1482 5012 1635 5063 listris
1655 5012 1783 5063 BRS
1802 5028 1844 5061 c.
1974 5026 2070 5063 om.
2093 5027 2226 5062 mae
2253 5012 2315 5062 U.

1116 5079 1226 5131 XL.
1260 5079 1600 5130 discendentes
1653 5078 1704 5129 S.
1834 5077 1897 5128 de
1918 5077 2061 5127 iudea
2084 5078 2131 5126 R
2160 5092 2216 5137 ες
2247 5092 2342 5127 om.
2375 5077 2476 5127 cod.
2502 5076 2556 5127 S.
2582 5072 2747 5124 Petri.
2881 5075 3466 5124 eircumcidi-*rasura
3489 5072 3557 5123 K.
3660 5087 3810 5124 secun
3831 5073 3885 5124 S.
4017 5086 4258 5124 morem:

1051 5143 1072 5197 l
1242 5146 1284 5195 B
1304 5145 1435 5196 codd.
1459 5151 1541 5209 ap.
1571 5143 1744 5194 nom.
1897 5145 2042 5192 mosi
2067 5143 2108 5192 F
2132 5158 2147 5191 ε
2187 5143 2347 5206 moysi
2365 5141 2497 5191 codd.
2511 5140 2676 5205 plur„
2703 5138 2852 5189 moisi
2875 5139 2949 5198 R;
2985 5155 3157 5202 moyse
3178 5139 3231 5190 S.

1170 5210 1255 5259 LI.
1286 5213 1557 5268 apostoli:
1590 5208 1769 5274 paulus
1789 5223 1829 5258 c.
1993 5210 2251 5259 uos-ibunt
2274 5207 2494 5257 &KRU
2526 5205 2696 5255 Thom.
2720 5221 2732 5255 z
2755 5205 2897 5255 -bent
2932 5205 3135 5255 inve->²⁸²8
3167 5206 3302 5266 Sub„
3338 5203 3436 5253 -bit
3466 5220 3507 5255 c.
3674 5216 3795 5255 non
3827 5206 4150 5254 mandasse:
4191 5218 4260 5253 no

1050 5275 1244 5325 misisse
1266 5273 1327 5325 U.
1459 5290 1552 5324 om.
1578 5289 1679 5324 eos
1709 5275 1827 5324 Uat.
1850 5285 1995 5335 4221.
2184 5271 2556 5322 circumcisione
2580 5271 2621 5319 Β
2644 5269 2760 5319 Sab.
3028 5270 3352 5335 predicabant
3374 5267 3553 5319 BKRS
3575 5285 3613 5320 c.

1118 5340 1285 5390 XLII.
1318 5344 1588 5399 apostolis
1624 5351 1662 5389 -t-
1696 5339 1763 5388 ad
1781 5354 1820 5387 c.
1987 5337 2253 5387 antiociam
2275 5337 2406 5399 9¹⁸8,
2432 5336 2737 5386 anthiociam
2760 5335 2847 5397 Θ“,
2881 5334 3222 5386 anthiochiam
3247 5336 3324 5395 R;
3361 5348 3397 5385 -ι-
3434 5340 3671 5385 uenerunt
3691 5333 3740 5385 S.
3906 5348 3999 5382 om.
4019 5340 4079 5384 et
4099 5349 4185 5384 sec.
4212 5332 4260 5384 U

1051 5406 1181 5457 codd
1203 5412 1284 5470 ap.
1315 5406 1487 5455 Thone.
1623 5409 1953 5468 congregatae
1974 5403 2104 5452 codd.
2129 5410 2209 5469 ap.
2244 5402 2416 5452 Thom.
2596 5399 2906 5450 multitudini
2927 5400 3059 5451 codd.
3083 5406 3167 5464 ap.
3201 5401 3371 5451 mom.
3391 5415 3407 5462 3
3443 5415 3582 5450 -uem
3603 5401 3657 5450 S.
3821 5402 4127 5457 epistulam
4150 5401 4191 5449 F
4192 5399 4229 5450 S
4242 5415 4257 5460 ς

1052 5470 1317 5537 epistolam
1342 5471 1533 5521 BeKR
1556 5470 1715 5535 (nep.)
1745 5467 1793 5519 U
1822 5468 1994 5518 Thana.
2017 5468 2130 5519 Sab.

1120 5537 1313 5589 XLIII.
1349 5536 1626 5588 thimotheo
1646 5534 1755 5586 ΘΚ.
