4825 6525
1060 723 1145 772 12

1528 880 1579 929 A

1053 1194 1250 1254 XVII.
1309 1193 1405 1253 De
1474 1210 1721 1253 numero
1790 1212 2053 1253 crescen-

1131 1289 1276 1348 tium
1323 1287 1740 1365 discipulorum
1783 1299 1839 1347 et
1889 1307 2049 1349 mur-

1132 1399 1266 1441 mur
1340 1399 1686 1458 graecorum
1769 1381 2050 1442 aduersus

1130 1472 1377 1535 hebreos
1414 1485 1473 1534 et
1508 1474 1790 1536 electione
1823 1486 2046 1554 septem

1130 1568 1529 1629 diaconorum.

1050 1756 1279 1817 XVIII.
1321 1756 1413 1818 De
1485 1756 1772 1835 stephano
1840 1757 2050 1834 plenus

1131 1852 1314 1927 gratia
1341 1860 1399 1910 et
1426 1851 1757 1911 fortitudine
1787 1853 1955 1928 signa
1992 1861 2050 1911 et

1132 1944 1397 2022 prodigia
1424 1943 1668 2005 faciebat
1695 1944 1756 2003 in
1785 1945 2024 2023 popu10.

1048 2422 1214 2487 XIX.
1255 2425 1377 2487 Ubi
1403 2426 1717 2506 stephanus
1744 2429 2048 2490 confundit

1127 2522 1367 2583 iudaeos
1402 2524 1746 2584 testimoniis
1782 2523 1927 2603 legis
1969 2525 2045 2584 illi

1128 2625 1321 2677 autem
1349 2615 1676 2678 fremebant
1703 2616 1764 2678 in
1791 2636 1945 2679 eum.

1047 3089 1181 3150 XX.
1224 3090 1345 3150 Ubi
1405 3090 1720 3168 stephanus
1795 3092 2046 3170 repletus

1128 3185 1325 3264 spiritu
1369 3195 1574 3246 sancto
1627 3185 1935 3246 intendens
1984 3187 2046 3245 in

1126 3281 1353 3340 caelum
1394 3281 1539 3340 uidit
1574 3281 1820 3359 gloriam
1858 3281 1952 3343 dei
1987 3292 2045 3343 et

1127 3374 1315 3434 iesum
1344 3384 1595 3433 stantem
1622 3394 1660 3434 a
1686 3376 1907 3436 dextris
1950 3376 2041 3437 dei

1127 3475 1186 3527 et
1213 3465 1614 3545 lapidauerunt
1644 3486 1798 3529 eum.

1047 3826 1213 3887 XXI.
1257 3828 1350 3889 De
1417 3829 1820 3907 persecutione
1888 3847 2040 3907 quae

1124 3921 1278 3982 facta
1330 3932 1416 3983 est
1466 3924 1527 3982 in
1571 3922 1811 3983 ecclesia
1855 3922 2040 3982 hiero-

1127 4016 1367 4095 solymis
1387 4026 1444 4077 et
1467 4016 1612 4077 sauli
1641 4016 2039 4078 deuastatione

1124 4122 1182 4171 et
1208 4110 1500 4191 philippus
1527 4112 1586 4170 in
1609 4111 1855 4172 samaria
1876 4130 2041 4189 prae-

1125 4205 1341 4265 dicans.

1046 4297 1245 4359 XXII.
1289 4297 1382 4359 De
1411 4300 1636 4359 simone
1664 4317 1842 4376 mago
1871 4297 2041 4359 sedu-

1124 4412 1266 4454 cens
1291 4404 1526 4474 gentem
1554 4393 1857 4454 samariae.

1104 4984 1266 5035 Notae
1285 4984 1360 5033 ad
1372 4982 1504 5033 codd.
1529 4982 1613 5031 BF
1615 4981 1717 5031 ΘΚ
1737 4984 1823 5029 etc.
1888 4976 2268 5091 XVlthfaffng‘
2299 4975 2352 5024 Τ
2342 4973 2473 5023 hom.

1983 5058 2008 5092 s
2028 5058 2056 5092 e
2077 5057 2139 5090 an
2272 5079 2283 5091 .

1103 5049 1304 5100 XVIII.
1358 5064 1394 5101 4
1425 5047 1511 5099 ubi
1533 5047 1606 5096 ad
1621 5047 1739 5096 init.
1764 5045 1828 5095 U.

1038 5115 1086 5165 R
1107 5129 1123 5175 3
1156 5116 1207 5164 in
1230 5114 1281 5165 S.
1434 5113 1635 5178 plebem
1660 5112 1703 5160 F
1704 5110 1756 5161 S.

1101 5180 1330 5231 XVIIII.
1378 5192 1414 5231 4
1444 5179 1531 5229 ubi
1551 5178 1622 5227 ad
1638 5177 1758 5227 init.
1782 5174 1843 5226 U.

1034 5263 1131 5297 om.
1159 5249 1233 5295 sd
1255 5247 1314 5296 B.

1102 5311 1224 5361 XX.
1257 5312 1554 5360 sufflantes
1571 5307 1787 5359 4iudaei
1805 5305 1868 5357 U.

1103 5376 1253 5428 XXI.
1289 5389 1328 5426 4
1353 5376 1438 5425 ubi
1461 5375 1534 5424 ad
1550 5374 1667 5425 init.
1689 5373 1750 5423 U.

1037 5443 1103 5504 S;
1136 5443 1187 5491 in
1209 5441 1416 5493 ecclesis.
1440 5440 1539 5489 KR
1563 5437 1758 5503 (aecci.)
1783 5454 1808 5486 c
1837 5437 2009 5487 Thone.

1104 5509 1278 5559 XXII.
1314 5521 1516 5571 symone
1540 5504 1601 5554 U.

1977 5173 2192 5224 stefanus
2212 5170 2263 5223 S.
2395 5169 2413 5219 l

1445 5258 1642 5294 mosen
1662 5257 1774 5292 cum
1800 5241 1874 5291 F=
1909 5255 2113 5305 moysen
2137 5237 2330 5287 ΒΘΚΠ
2347 5252 2372 5285 c

2002 5304 2237 5354 disseceb.
2267 5302 2323 5362 F,
2352 5300 2583 5351 dissicsb.
2619 5300 2732 5349 Sab.

1876 5387 1973 5421 om.
1992 5375 2185 5420 sutem
2202 5368 2314 5418 RU.

2327 711 2435 774 CA
2446 711 2555 772 ΡΙ
2554 711 2782 774 TULA
2836 711 2956 773 IN

2096 877 2097 880 ’
2157 879 2533 943 BFeKRsUc;
2580 883 2712 934 codd.
2761 883 2877 935 Uar.
2917 896 3066 946 4221,
3100 884 3153 933 S.

2173 961 2186 974 ·
2222 948 2394 1025 Paufi,
2421 949 2476 998 S.
2499 949 2661 1008 Petri.
2688 948 2830 1000 Orat.
2860 947 3004 1014 apud
3030 948 3157 998 Tko-

2223 1028 2443 1063 massum
2459 1030 2482 1074 ;

2220 1079 2466 1130 Sabatier.

2154 1196 2351 1256 XVII.
2397 1196 2515 1283 Ubi
2561 1206 2857 1258 crescente
2906 1215 3154 1257 numero

2236 1292 2650 1370 discipulorum
2680 1291 2865 1352 factus
2887 1301 2975 1352 est
2997 1309 3155 1351 mur-

2234 1404 2365 1445 mur
2449 1403 2794 1463 graecorum
2868 1386 3155 1447 aduersus

2236 1480 2539 1541 hebraeos.

2152 1767 2381 1827 XVIII.
2428 1768 2762 1845 Stephanus
2790 1768 2999 1845 Plenus
3018 1786 3149 1845 gra-

2230 1863 2312 1923 tia
2377 1872 2438 1923 et
2506 1862 2838 1923 fortitudine
2904 1860 3151 1922 faciebat

2233 1957 2399 2034 signa
2468 1975 2684 2035 magna
2752 1968 2810 2016 et
2883 1955 3150 2035 prodigia

2233 2068 2433 2112 coram
2459 2051 2646 2128 plebe.

2150 2434 2413 2495 XVIIII.
2488 2436 2818 2515 Stephanus
2893 2436 3151 2515 loquitur

2229 2531 2451 2610 populo
2508 2532 2581 2591 de
2629 2530 2966 2609 patriarchis
3013 2530 3150 2591 inci-

2229 2626 2400 2703 piens
2436 2625 2513 2684 ab
2543 2623 2821 2684 abraham
2859 2642 3042 2702 usque
3072 2624 3150 2685 ad

2230 2737 2454 2780 mosen.

2150 3097 2282 3156 XX.
2327 3097 2447 3156 Ubi
2492 3096 2637 3156 haec
2681 3096 2982 3156 audientes
3030 3095 3142 3155 dis·

2229 3194 2575 3253 secabantur
2618 3190 2893 3251 cordibus
2934 3191 3053 3250 suis
3086 3198 3144 3250 et

2227 3286 2548 3348 stridebant
2576 3285 2850 3347 dentibus
2877 3287 2937 3344 in
2966 3304 3122 3345 eum.

2145 3827 2310 3887 XXI.
2353 3827 2532 3888 Facta
2570 3838 2659 3887 est
2702 3838 2919 3921 autem.
2944 3846 3140 3905 perse-

2222 3922 2378 3982 cutio
2419 3939 2634 4000 magna
2672 3921 2950 3983 ecclesiae
2994 3939 3143 4000 quae

2224 4026 2312 4078 est
2341 4015 2761 4099 hierosoqunis.

2143 4291 2343 4352 XXII.
2387 4290 2482 4353 De
2510 4292 2736 4353 simone
2763 4310 2963 4371 mago.

2606 4986 2826 5021 murmor
2850 4969 2900 5021 S.

2435 5037 2604 5103 gracia
2626 5036 2676 5087 S.

2486 5169 2691 5219 uebatur
2712 5167 2762 5218 S.

2142 5449 2236 5499 que
2258 5433 2319 5481 R.
2454 5437 2540 5481 est
2575 5443 2611 5482 4
2647 5429 2697 5480 in
2721 5430 2771 5480 S.

2561 1015 2661 1065 cod.
2721 1014 2863 1064 Corb.
2927 1027 2952 1063 s
3019 1013 3162 1080 apud

3040 4984 3299 5035 grecorum
3323 4966 3508 5018 KRSU
3530 4982 3569 5017 c.

2809 5050 3016 5095 magns.
3033 5035 3299 5087 BoKRSc
3330 5033 3533 5084 Thena:
3566 5047 3661 5082 om.
3677 5031 3770 5083 FU
3783 5031 3896 5082 Sab.

2892 5169 3259 5225 patriarchia:
3283 5166 3327 5217 is
3347 5173 3503 5232 super
3519 5180 3619 5214 ras.
3641 5178 3736 5214 scr.
3759 5162 3825 5213 Θ.

2520 5250 2587 5284 m.
2609 5234 2740 5294 Sub„
2764 5233 2956 5283 moisen
2978 5234 3042 5290 R,
3065 5248 3235 5297 moyse
3256 5232 3308 5283 S.

2864 5301 2984 5348 suis
3005 5314 3102 5349 om.
3132 5297 3247 5350 Uat.
3270 5311 3419 5362 4221.

2447 5365 2727 5431 persecucio
2744 5364 2842 5426 Rs,
2863 5363 3180 5431 persequutio
3197 5364 3267 5423 Θ;
3303 5360 3608 5428 praedicatio
3633 5362 3748 5412 Uat.
3765 5371 3913 5425 4221.

2902 5429 3234 5480 hierosolimis
3257 5429 3322 5492 U,
3347 5425 3673 5478 hierusolimis
3695 5426 3743 5474 R
3762 5441 3778 5489 ς
3810 5423 4106 5475 hierusalem
4127 5423 4178 5475 S.

3719 880 3813 932 CT

3259 1199 3400 1260 XII.
3442 1198 3534 1260 De
3561 1199 3751 1261 uiduis
3787 1209 3846 1261 et
3884 1209 4103 1280 septem
4133 1202 4258 1264 dia·

3340 1311 3560 1356 conum
3586 1294 3972 1357 ordinatione.

3253 2442 3422 2503 XIII.
3463 2442 3663 2505 Uerba
3699 2443 3906 2505 stefani
3935 2445 4011 2506 ad
4038 2443 4244 2506 iudeos

3334 2538 3408 2599 de
3428 2539 3625 2617 genesi
3646 2536 3752 2620 (esi
3768 2543 3941 2612 eras.)
3959 2549 4018 2600 et
4034 2540 4245 2601 exodo,

3243 3102 3447 3163 XIIII.
3491 3104 3800 3184 Lapidatio
3854 3114 3911 3165 et
3964 3104 4238 3167 dormitio

3324 3195 3601 3280 (dortio*)
3612 3198 3881 3259 stefaniet
3891 3200 4031 3280 quia
4049 3201 4246 3261 saulus

3322 3291 3663 3356 deuastabat
3680 3290 4079 3375 (denatabat*)
4098 3295 4234 3373 igle·

3332 3407 3500 3449 stam.

3246 4291 3375 4351 XV.
3404 4291 3660 4370 Filippus
3670 4290 3955 4352 diaconus
3967 4289 4061 4352 dei
4074 4290 4249 4374 (ἀΰ)

3327 4388 3575 4446 uerbum
3614 4384 3849 4445 tradidit
3893 4385 4142 4444 samarie
4188 4397 4248 4447 et

3331 4481 3524 4540 simon
3564 4496 3773 4556 magus
3808 4477 4128 4538 babtizatur
4169 4478 4246 4539 ab

3329 4572 3556 4632 eodem.

3699 4965 3907 5017 hebreos
3930 4963 4063 5016 RSU
4085 4981 4124 5015 c.

4033 5044 4250 5097 quoram

3951 5162 4156 5212 abraam
4179 5160 4245 5212 R.

3550 5298 3816 5346 dentibus
3831 5306 3869 5345 4
3881 5293 3984 5343 suis
4005 5291 4068 5342 Θ.

4030 5354 4239 5408 eclesiae
