4825 6525
608 1195 807 1255 XXII.
908 1195 1220 1256 Cornelius
1301 1192 1599 1268 Centuri0,

689 1304 965 1356 monente
987 1292 1239 1371 Angelo‚
1264 1292 1504 1352 Petrum
1525 1292 1600 1353 ad

689 1407 752 1449 se
800 1389 1179 1449 imbuendum
1225 1389 1465 1448 inuitat:
1508 1379 1601 1449 cui

686 1501 826 1543 mox
869 1482 1073 1543 Petrus
1112 1493 1169 1542 et
1211 1483 1335 1561 ipse
1376 1482 1602 1544 uisione

687 1576 918 1637 caelesti
945 1577 1281 1637 admonitus
1308 1577 1574 1638 occurrit.

536 2063 543 2074 ·
608 2031 838 2093 XXIII.
923 2031 1208 2095 Ueniente
1252 2033 1603 2095 Caesaream

688 2127 860 2187 Petro
887 2125 1054 2209 (petit
1093 2129 1207 2190 cod.
1215 2129 1254 2210 ),
1296 2128 1604 2190 Cornelius

686 2221 972 2282 uisionem
1039 2222 1255 2300 Angeli
1332 2223 1603 2301 replioet:

687 2324 745 2376 et
785 2316 987 2375 audito
1029 2316 1105 2375 ab
1148 2334 1222 2375 eo
1258 2314 1369 2376 Dei
1398 2318 1601 2389 uerbo,

690 2408 936 2487 Spiritus
979 2409 1177 2470 Sancti
1231 2410 1417 2488 gratia
1470 2428 1603 2470 cum

686 2504 822 2575 suis,
859 2513 918 2564 et
970 2513 1105 2564 ante
1169 2505 1604 2582 perceptionem

687 2601 969 2679 Baptismi
998 2602 1378 2680 perfunditur.

492 3159 499 3166 ·
609 3144 834 3206 XXIV.
877 3145 1098 3221 Petrus,
1147 3146 1607 3225 disceptantibus

689 3251 893 3302 contra
936 3261 999 3302 se
1027 3241 1277 3315 IudaeiS,
1310 3259 1414 3301 cur
1441 3239 1603 3304 Gen-

690 3336 845 3396 tibus
869 3337 1315 3415 praedicauerit3
1358 3347 1423 3397 ut
1458 3335 1604 3398 haec

689 3428 979 3491 Diuinitus
1032 3431 1244 3491 fuerint
1293 3443 1606 3509 procurata

690 3525 1068 3586 demonstrat.

610 3615 806 3681 XXV.
847 3619 1157 3681 Foenicem
1186 3637 1374 3698 usque
1401 3628 1460 3681 et
1489 3620 1605 3699 Cy-

691 3730 863 3789 prum
884 3725 942 3773 et
962 3714 1333 3774 Antiochiam
1354 3715 1604 3774 uerbum

689 3806 997 3884 Euangelii
1050 3806 1499 3868 disseminatur:
1548 3818 1607 3868 et

692 3899 753 3958 in
768 3899 1081 3960 Antiochia
1107 3900 1450 3962 docentibus
1465 3902 1606 3962 Bar-

692 3995 847 4053 naba
889 4002 946 4054 et
986 3993 1188 4068 Pau10‚
1221 3997 1479 4072 primum
1519 3997 1606 4057 di-

692 4086 899 4164 scipuli
928 4085 1238 4147 Christiani
1267 4099 1566 4149 uocantur.

613 4179 841 4242 XXVI.
886 4182 937 4240 A
943 4183 1098 4259 gabo
1119 4181 1337 4243 samem
1354 4183 1609 4261 prophe-

694 4284 869 4346 tante,
927 4274 1226 4336 Barnabas
1286 4285 1344 4336 et
1404 4275 1611 4337 Saulus

565 4361 572 4368 ’
694 4368 769 4429 de
806 4369 1122 4430 Antiochia
1159 4369 1438 4431 Iudaeam
1475 4390 1609 4432 cum

696 4462 1077 4543 eleemosynis
1104 4464 1422 4525 mittuntur.

685 5105 851 5155 Notae
869 5106 944 5155 ad
957 5108 1088 5159 codd.
1112 5110 1289 5161 Bamb.
1311 5116 1396 5161 etc.

619 5171 830 5222 mactari
882 5174 957 5223 :.i
976 5174 1130 5233 Mem

685 5236 883 5287 XXV.

688 5274 912 5352 xxvli.
915 5246 1351 5366 ‘'Z'‘xxssimza
1372 5308 1697 5371 mammet
1723 5308 1894 5369 (simi
1895 5311 2159 5376 peo)Met.

687 5367 1180 5434 xxvm(xxv11
1203 5370 1371 5436 Met..)
1401 5389 1461 5423 ex
1464 5390 1519 5424 0
1498 5381 1561 5425 t.
1583 5376 1706 5425 Met.

1693 706 1993 769 ACTUS
2033 704 2734 769 APOSTOLORUM.

1896 874 2075 924 Bamb.
2099 875 2164 923 A.
2191 874 2230 923 1.
2252 885 2296 939 7.
2318 873 2437 924 Met.
2469 883 2513 937 7.

1706 1195 1901 1255 XXV.
1944 1194 2038 1256 De
2063 1195 2222 1257 fame
2248 1197 2587 1274 apostolica.
2647 1205 2707 1256 et
2809 1186 3039 1249 XVIII.
3083 1188 3176 1248 De
3200 1185 3459 1248 cornelio
3477 1185 3810 1247 centurione

1786 1291 2137 1351 reuelatione
2179 1290 2377 1349 diuina
2412 1291 2572 1369 quod
2602 1290 2702 1350 de-

1788 1387 1961 1445 beant
2002 1385 2185 1445 sancti
2213 1396 2488 1446 mactare.
2570 1385 2702 1449 †uel

1786 1481 2076 1557 qualibeti·
2106 1480 2381 1540 alimonia
2410 1480 2623 1552 satiari,

1708 2019 1933 2092 xxvl'.
1976 2031 2070 2093 De
2113 2033 2400 2111 baptisma
2450 2031 2704 2093 cornelii.

1788 2135 1847 2188 et
1896 2146 2017 2188 non
2067 2127 2431 2205 baptizandis
2474 2126 2565 2186 his
2606 2127 2705 2203 qui

1790 2222 2057 2283 nondum
2105 2222 2319 2282 fuerint
2371 2222 2578 2281 ordine
2618 2220 2707 2280 di-

1789 2317 1925 2377 uine
1954 2317 2207 2376 ueritatis
2238 2317 2514 2376 instructi.

1709 3142 1965 3203 XXVII.
2008 3142 2100 3204 De
2132 3144 2402 3222 gentibus
2429 3144 2710 3223 quemad-

1788 3238 2029 3299 modum
2078 3238 2381 3299 exordium
2437 3239 2710 3301 credendi

1788 3333 1848 3392 in
1870 3333 2084 3395 cbristo
2112 3335 2492 3412 sumpsissent
2519 3335 2592 3395 ad
2622 3337 2711 3394 in-

1788 3427 2006 3488 uidiam
2024 3446 2061 3488 a
2078 3430 2390 3506 semetipso
2412 3429 2712 3507 apostolus

1790 3514 2192 3599 depellendam
2206 3523 2460 3583 insinuat
2476 3523 2712 3584 iudaeiS.

1707 3614 2000 3676 XXVIII.
2045 3617 2138 3677 De
2176 3617 2586 3679 exhortatione
2625 3618 2708 3678 di-

1788 3710 2144 3789 scipulorum
2198 3711 2413 3773 christi.
2518 3722 2581 3771 ut
2635 3713 2711 3772 ab

1788 3804 2070 3882 apostolis
2098 3806 2470 3866 commoniti.
2515 3805 2712 3866 salutis

1787 3900 2032 3958 uerbum
2044 3899 2315 3975 gentibus
2323 3899 2711 3978 loquerentur.

1711 4179 2036 4241 XXVIIII.
2058 4178 2465 4241 Decollatione
2475 4181 2712 4241 fratrum

1793 4293 1944 4353 quae
1962 4275 2023 4335 in
2042 4275 2387 4336 hierusalem
2405 4277 2619 4336 sanctis
2627 4288 2715 4337 est

1796 4370 2098 4430 destinata.
2170 4380 2228 4429 et
2283 4370 2474 4431 iacobi
2539 4372 2712 4431 inter-

1795 4463 1970 4525 fectio
2012 4465 2089 4525 ab
2130 4462 2361 4525 herode.
2419 4475 2476 4525 et
2504 4465 2710 4525 libera-

1797 4559 1953 4619 tione
1982 4560 2127 4636 petri
2156 4576 2261 4636 per
2290 4559 2583 4636 angelum.

2293 5311 2455 5364 iudeis
2474 5312 2655 5364 Bamb.

1845 5378 2144 5427 communiti
2167 5378 2346 5428 Bamb.

2893 1283 2969 1343 ad
3008 1293 3175 1360 petro
3208 1292 3266 1343 et
3294 1299 3415 1360 quo
3454 1279 3694 1340 linteum
3732 1278 3807 1338 de

2887 1378 3052 1438 caelo
3110 1395 3247 1437 cum
3305 1375 3653 1436 animalibus
3709 1373 3809 1434 de·

2887 1471 3114 1533 scendit
3142 1470 3217 1532 ad
3246 1481 3494 1549 petrum.

2815 3144 3079 3210 XVIIII.
3129 3144 3409 3224 Discipuli
3437 3144 3500 3204 in
3521 3142 3811 3206 antiochia

2895 3240 3289 3320 cog-nominati
3316 3239 3627 3302 christiani.

2817 4184 2953 4244 XX.
2999 4184 3244 4262 Agabus
3288 4182 3389 4243 ubi
3435 4182 3651 4243 samem
3701 4183 3812 4243 sub

2896 4278 3124 4341 claudio
3166 4295 3405 4339 caesare
3447 4278 3696 4338 suturam
3737 4278 3810 4337 si·

2895 4374 3145 4453 gnificat.

1212 5177 1444 5226 adAd
1463 5111 1628 5241 XXI}
1660 5118 1921 5164 mame.
1947 5112 2081 5172 †uel
2100 5117 2397 5178 qualibet-{-
2429 5115 2506 5165 ita
2528 5116 2787 5180 legendnm
2809 5117 3093 5168 cratinus.
3124 5122 3358 5167 mactare.
3380 5130 3480 5181 qua
3501 5113 3583 5167 uel
3605 5114 3816 5166 Batai».-
3802 5152 3817 5177 ,

1625 5193 1718 5243 ⁸⁶?-

2793 5320 2848 5370 >
2869 5313 3060 5365 iudaeis
3080 5312 3294 5363 insinuat
3314 5311 3440 5362 Met.

2478 5379 2748 5441 gentilibus
2769 5379 2893 5429 Met.

687 5432 949 5484 XXVIIII
976 5434 1234 5500 (XXVIII
1258 5436 1422 5503 Met..)
1456 5455 1552 5504 que
1576 5440 1753 5491 Bamh.
1840 5441 2022 5496 iherus.
2041 5443 2220 5494 Bamb.
2322 5443 2560 5494 distinata
2581 5444 2706 5497 Met.
2806 5446 3136 5497 interfectio
3154 5443 3327 5497 cedda
3353 5442 3453 5509 lagu
3468 5442 3815 5496 intersectione.

622 5511 717 5549 om.
735 5505 795 5549 et
809 5502 1182 5551 liberatione.

1247 5507 1548 5562 .anoeelum
1572 5506 1695 5557 Met.

2178 5606 2228 5653 D
