4825 6525
594 1210 814 1277 XLVI.
857 1210 1193 1274 Demetrius
1238 1209 1598 1289 argentarius

674 1308 1061 1386 Ephesiorum
1132 1306 1427 1367 ciuitatem
1483 1322 1592 1383 pro

677 1401 1017 1463 defensione
1026 1400 1254 1462 Dianae
1265 1399 1596 1460 conturbat.

598 1687 848 1748 XLVII.
898 1685 1112 1747 Paulus
1141 1686 1250 1746 iter
1290 1685 1509 1745 faciens
1536 1685 1599 1744 in

682 1781 924 1859 Syriam,
946 1779 1107 1840 uenit
1126 1777 1464 1850 Troadam3
1497 1776 1598 1836 ubi

636 1909 639 1912 ¹
680 1876 1095 1937 adoliscentem
1132 1872 1401 1933 cadendo
1439 1890 1596 1932 mor-

682 1981 865 2044 tuum,
895 1967 1119 2030 orando
1146 1966 1463 2027 resuscitat.

601 2244 887 2306 XLVIII.
929 2245 1097 2306 Idem
1126 2262 1203 2304 ex
1231 2242 1437 2304 ordine
1481 2241 1598 2300 Mi-

681 2340 861 2400 letum
969 2338 1234 2408 ueniens,
1337 2335 1600 2397 Maiores

681 2443 822 2494 natu
846 2430 1234 2509 Ephesiorum
1272 2428 1597 2508 alloquitur,

684 2546 747 2587 se
816 2524 1152 2603 exemplum
1222 2523 1447 2583 uirtutis
1515 2523 1599 2582 eis

680 2619 1018 2699 praebuisse
1047 2623 1403 2678 contestans.

610 3478 831 3540 XLIX.
862 3478 1028 3540 Idem
1048 3476 1279 3556 Tyrum
1297 3495 1372 3538 ex
1386 3476 1609 3549 ordine,

691 3574 1156 3651 Caesareamque
1184 3573 1472 3650 peruenit,
1509 3569 1610 3630 ubi

694 3668 908 3746 Agabo
940 3665 1345 3745 prophetante,
1374 3663 1614 3726 uincula

695 3762 805 3822 sibi
831 3761 1020 3820 sutura
1045 3761 1369 3839 intrepidus
1396 3759 1574 3854 audit.

615 3941 684 4001 L.
748 3939 916 4002 Idem
970 3941 1213 4002 ueniens
1272 3940 1614 4018 Hierosoly-

695 4050 871 4104 mam,
907 4029 1129 4091 Iacobo
1170 4041 1231 4091 et
1275 4030 1616 4092 Senioribus

697 4145 804 4204 per
845 4126 1109 4186 ordinem
1161 4144 1269 4186 sua
1316 4135 1482 4204 gesta
1526 4143 1616 4184 re-

700 4220 914 4297 plicat;
970 4230 1144 4296 atque
1188 4221 1268 4280 ob
1318 4217 1615 4280 declinan-

699 4315 841 4374 dum
870 4313 1222 4375 Iudaeorum
1258 4312 1617 4384 scandalum,

698 4426 874 4469 mane
917 4407 1232 4487 Templum
1279 4408 1618 4487 purificatus

702 4502 1036 4580 ingreditur.

1676 716 1974 781 ACTUS
2013 708 2719 775 APOSTOLORUM.
3713 712 3791 779 27

1842 886 1915 936 M.
1942 884 2120 936 Bamb.
2146 885 2209 934 A.
2232 884 2275 934 1.
2301 893 2347 948 7,
2371 884 2495 934 Met.
2522 892 2566 944 7.
2729 911 2734 920 ·
3269 872 3318 920 G

2802 1195 3185 1256 XXXVIIII.
3227 1192 3557 1255 Demetrius
3585 1209 3798 1270 argen-

2880 1292 3059 1352 tarius
3100 1290 3259 1351 ciues
3286 1288 3539 1349 eoncitat
3565 1297 3802 1366 propter

2883 1387 3120 1448 dianam
3154 1380 3453 1466 (-mam*).

1701 1206 1986 1266 XLVIII.
2033 1205 2129 1266 De
2172 1206 2452 1266 demetrio
2493 1221 2697 1282 argen-

1779 1302 1929 1361 tario
1974 1301 2076 1380 qui
2124 1310 2185 1360 et
2230 1299 2369 1360 artis
2416 1317 2594 1359 causa
2641 1307 2700 1358 et

1782 1395 1919 1457 idoli
1982 1396 2194 1455 dianae
2263 1393 2518 1453 culturae
2581 1409 2699 1452 non

1779 1489 2070 1550 modicam
2128 1487 2303 1567 paulo
2357 1485 2701 1566 inquietudi-

1780 1602 1916 1643 nem
1946 1584 2278 1644 concitauit.

1707 1676 2020 1737 XLVIIII.
2093 1676 2187 1737 De
2246 1675 2448 1754 spiritu
2500 1682 2704 1734 sancto
2806 1673 2933 1735 XL.
3004 1674 3219 1734 Paulus
3269 1672 3566 1732 resuscitat
3618 1668 3806 1731 euthi-

1781 1772 1881 1851 qui
1931 1791 2050 1849 quo
2096 1774 2202 1832 iter
2258 1769 2563 1849 apostolus
2620 1769 2704 1827 fa·
2885 1787 3019 1830 eum
3079 1769 3178 1847 qui
3247 1785 3352 1847 per
3404 1765 3653 1826 fenesm
3704 1781 3805 1824 co-

1781 1877 1937 1927 ceret
1974 1866 2278 1944 imperauit
2333 1875 2392 1925 et
2440 1863 2514 1924 de
2563 1862 2705 1924 ado·
2886 1871 3094 1923 ruerat.
3781 1857 3792 1862 ”

1783 1960 2033 2021 lescente
2062 1959 2338 2037 euthch.

1708 2230 1774 2289 L.
1821 2230 1913 2290 De
1958 2231 2234 2290 instantia
2274 2230 2472 2307 operis
2516 2230 2709 2307 coepti

1788 2326 2127 2403 passionum
2212 2324 2427 2384 scilicet
2508 2335 2565 2384 et
2633 2324 2708 2384 de

1789 2418 1940 2496 lupis
1966 2420 2245 2496 grauibus
2277 2427 2337 2477 et
2365 2418 2506 2495 quid
2543 2417 2709 2477 fuerit

1790 2532 1864 2573 ex
1908 2513 2277 2574 sermonibus
2319 2512 2545 2573 domini
2585 2513 2711 2573 iesu

1791 2608 1998 2687 paulus
2054 2608 2176 2668 suis
2237 2606 2510 2667 manibus
2564 2624 2705 2685 ope·

1794 2713 1969 2763 ratus.

1720 3468 1818 3529 LI.
1854 3468 1975 3529 ‘De
2020 3468 2222 3530 itinere
2277 3468 2491 3547 nauigii
2537 3478 2595 3529 et
2637 3468 2711 3529 de

1799 3564 2173 3643 passionibus
2269 3563 2426 3641 pauli
2509 3562 2714 3623 futuris

1805 3661 2032 3738 agabus
2062 3658 2346 3737 propheta
2370 3658 2670 3736 praedixit.

2818 3463 2977 3524 XLI.
3058 3463 3116 3524 N
3118 3464 3483 3543 suigationes
3537 3472 3816 3540 apposio-

2900 3560 3107 3620 lorum.
3831 3590 3838 3597 ·

1724 3941 1858 4003 LII.
1928 3942 2023 4001 De
2080 3941 2238 4002 salsis
2294 3940 2563 4001 stau-ibus
2617 3941 2719 4020 qui
2822 3934 3017 3994 XLII.
3114 3932 3584 3992 Ascendentibus
3671 3948 3818 4009 apo·

1798 4037 2130 4115 apostolum
2161 4037 2222 4094 in
2250 4035 2538 4113 hypocrisi
2568 4035 2718 4095 chri·
2902 4027 3065 4088 stolis
3117 4025 3525 4102 hierosolymis
3579 4024 3820 4085 iacobus

1802 4143 1956 4193 stum
2009 4129 2341 4207 praedicare
2397 4130 2721 4190 suadebant
2903 4140 3006 4200 per
3034 4119 3262 4199 singula
3289 4119 3530 4197 exponit
3554 4119 3656 4180 eis.

1803 4236 1858 4284 et
1876 4224 1949 4286 de
1971 4223 2370 4303 apostolorum
2394 4224 2721 4284 salubribus

1804 4320 2048 4379 statutis.

1734 4502 1898 4563 LIII.
1944 4501 2037 4562 De
2084 4502 2444 4563 insecutione
2491 4500 2724 4564 iudaeo-
2828 4499 3052 4563 XLIII.
3153 4501 3401 4561 Paulum
3471 4502 3530 4560 in
3599 4500 3821 4579 templo

687 4678 849 4728 Notae
871 4678 1088 4728 adem.
1112 4678 1169 4728 Μ
1192 4685 1277 4731 etc.
1347 4679 1578 4730 vam
1600 4678 1797 4744 (XLVI
1822 4676 1991 4742 ma).
2025 4684 2086 4729 ot
2107 4680 2246 4756 argi·
2259 4679 2422 4755 perta
2443 4678 2503 4727 in
2525 4677 2598 4727 Μ.

691 4808 947 4859 XLvnn
966 4809 1084 4874 (xr.
1100 4743 1395 4873 ’ῗῖἷῗῖιῖζ
1414 4746 1804 4873 ἧῧῖῗὶνιι.)
1824 4824 1937 4868 quo
1959 4827 1972 4858 ι
2002 4822 2101 4873 qua
2115 4809 2171 4858 M
2187 4809 2365 4859 Bam.

626 4743 841 4802 Buram
875 4760 948 4793 -re
970 4743 1056 4793 M*

623 4874 806 4925 Bamb.
851 4873 965 4925 euth
1001 4890 1058 4925 ce
1081 4875 1154 4926 M.

688 4937 736 4987 L
761 4910 953 5002 (ὶξινι
988 4940 1037 4989 ιι
1059 4940 1118 4989 in
1142 4941 1218 5002 M,
1244 4939 1469 4990 vam
1491 4940 1658 5003 Mea).

690 5004 761 5054 LI
795 5004 867 5067 (L
888 5004 945 5053 iu
970 5006 1044 5067 M,
1067 5004 1320 5055 xLV1111
1341 5005 1509 5069 Μαι).
1540 5009 1612 5056 de
1647 5020 1735 5056 sec.
1757 5020 1851 5055 om.
1869 5006 2048 5055 Bamb.
2066 5005 2190 5054 Met.

1221 5086 1315 5121 om.
1339 5074 1628 5129 praedixit
1650 5072 1705 5120 M
1729 5070 1908 5122 Bamb.

881 5135 906 5185 1
924 5135 984 5185 in
1008 5136 1083 5198 M,
1099 5134 1143 5184 L
1158 5135 1322 5195 Men).
1350 5139 1665 5194 apostolum
1687 5153 1702 5185 ε
1714 5135 2071 5251 ltpostolatnm
2083 5135 2263 5186 Bamb.
2279 5136 2404 5187 Met.
2471 5138 2796 5195 praedicare
2818 5137 2944 5202 (pre.
2963 5135 3111 5199 Met.)
3127 5139 3440 5188 madebant
3461 5152 3476 5187 ε
3506 5135 3825 5201 predicabant

627 5202 812 5253 maden
849 5215 882 5251 o
901 5200 1082 5251 Bamb.
1180 5203 1254 5251 de
1275 5217 1362 5250 sec.
1385 5217 1479 5251 om.
1507 5201 1688 5251 Bamb.
1776 5209 1824 5250 et

696 5266 823 5317 Lm
848 5266 969 5332 <Lu
992 5267 1051 5316 in
1075 5267 1152 5328 M,
1177 5265 1246 5315 1.1
1270 5267 1438 5329 lma).
1473 5266 1861 5317 insecutionibus
1882 5267 2063 5318 Bamb.
2086 5268 2208 5318 Met.

626 5069 890 5185 ρτῗὲὶίοῑίι
912 5069 1091 5121 Bamb.

2734 4679 2883 4729 diane
2904 4679 3116 4739 Bamb.;
3149 4678 3349 4729 diuinae
3373 4677 3446 4728 M.
3578 4677 3821 4729 culturam

1774 4746 2052 4793 modicam
2063 4750 2225 4808 pern!
2247 4759 2306 4792 m
2331 4743 2403 4793 M.
2559 4744 2782 4810 iniquiet.
2805 4745 2982 4795 Bamb.

2532 4811 2604 4858 de
2618 4825 2702 4859 sec.
2719 4824 2811 4859 om.
2829 4810 3006 4860 Bamb.
3169 4809 3306 4859 adul.
3329 4809 3448 4858 Met.
3612 4808 3821 4860 eutheco

1789 4940 1923 5006 oepti
1942 4939 2122 4990 Bamb.
2254 4954 2326 4989 ex
2348 4953 2442 4989 ner
2451 4938 2723 5004 perierunt
2741 4941 2801 4989 in
2824 4939 2895 4989 M.
3029 4947 3259 5007 operatur
3278 4940 3456 4990 Bamb.

2323 5005 2877 5071 mturispaaeneperiit
2891 5005 2952 5055 in
2970 5005 3042 5056 M.
3175 5009 3385 5065 anabu-
3405 5007 3601 5065 proph.
3618 5021 3714 5055 om.
3731 5005 3790 5055 M
3805 5021 3819 5065 ς

1825 5238 1837 5251 .
1937 5205 2325 5260 apostolorum
2345 5218 2370 5279 :-
2409 5201 2698 5318 gposhtnole
2722 5200 2797 5316 21.
2895 5206 3106 5253 salubr.
3130 5209 3256 5253 stat.
3273 5203 3470 5267 partim
3489 5203 3647 5268 periit
3667 5202 3726 5252 ἐκ
3750 5203 3822 5252 Μ.

2357 5283 2408 5317 ιιι
2444 5285 2488 5320 e.
2645 5282 2729 5316 ane
2760 5303 2773 5317 .

2195 5591 2309 5642 ΕΖ
