4825 6525
582 1228 722 1290 XII.
766 1227 1152 1307 Multiplicato
1169 1227 1579 1306 discipulorum

660 1341 925 1397 numero,
955 1333 1178 1402 septem
1206 1322 1459 1383 Diaconi
1482 1340 1578 1382 or-

659 1418 972 1492 dinantur;
1013 1427 1072 1478 et
1117 1426 1410 1478 crescente
1462 1415 1578 1477 Dei

660 1513 858 1586 uerb0,
940 1514 1116 1573 etiam
1200 1510 1579 1572 Sacerdotum

660 1606 829 1667 turba
845 1623 968 1667 non
984 1604 1215 1666 modica
1239 1605 1579 1684 subiugatur

664 1699 812 1760 fidei.
1240 1719 1244 1724 ·

582 1793 753 1854 XIII.
825 1792 1156 1872 Stephanus
1224 1794 1286 1853 in
1340 1794 1578 1853 nomine

661 1888 796 1949 Iesu
835 1887 1051 1949 Christi
1091 1888 1323 1966 magnis
1362 1888 1579 1949 eminet

660 1982 880 2060 signis:
924 1999 1102 2061 quem
1138 1981 1457 2042 infideIIum
1496 1982 1579 2043 sa·

662 2078 796 2152 ctiO,
853 2078 992 2155 quia
1044 2077 1289 2137 ueritate
1344 2078 1578 2137 uincere

662 2172 879 2251 nequit,
911 2170 1186 2231 falsorum
1207 2172 1438 2232 testium
1461 2170 1578 2230 sus-

662 2265 847 2344 fragia
898 2266 1140 2345 quaerit,
1198 2282 1454 2344 eumque
1503 2264 1578 2325 ad

662 2360 972 2420 concilium
1003 2358 1301 2438 protrahit.

582 2451 747 2512 XIV.
774 2453 1365 2531 Idem,interrogante
1377 2452 1581 2513 Sacer-

663 2547 869 2609 dotum
916 2546 1204 2626 Principe,
1247 2548 1436 2626 arguit
1475 2565 1580 2608 eos

663 2660 895 2722 semper
940 2641 1055 2703 Dei
1102 2641 1219 2720 legi
1263 2641 1441 2703 fuisse
1486 2660 1580 2701 re-

661 2736 883 2811 belles3
955 2737 1057 2815 qui
1102 2747 1161 2797 et
1216 2736 1378 2815 prius
1435 2735 1581 2798 Pro·-

662 2831 884 2910 phetas,
933 2841 994 2891 et
1043 2850 1231 2910 nuper
1279 2830 1580 2892 Christum

664 2923 994 2986 occiderint.

582 3111 718 3174 XV.
759 3113 946 3186 Idem,
967 3112 1344 3174 frementibus
1359 3113 1422 3172 in
1441 3131 1579 3175 eum

664 3207 1041 3283 auditoribus,
1070 3210 1250 3270 etiam
1289 3227 1353 3270 se
1380 3208 1581 3270 Iesum

664 3322 701 3363 a
727 3303 947 3365 dextris
974 3303 1089 3364 Dei
1111 3314 1361 3365 stantem
1382 3303 1580 3364 uidere

663 3409 940 3473 testatur;
985 3407 1044 3458 et
1085 3398 1477 3477 lapidantibus
1516 3416 1581 3460 se

661 3494 895 3554 ueniam
937 3502 1225 3571 precatur.
1309 3492 1578 3554 Ecclesia

661 3605 896 3667 quoque
1020 3584 1576 3667 Hierosolymitana,

665 3680 841 3742 Saulo
868 3681 1138 3757 instante,
1169 3682 1541 3760 dispergitur.

585 4326 752 4409 XVI.
795 4325 1066 4406 Philippo
1094 4325 1366 4389 Diacono
1393 4327 1452 4387 in
1479 4325 1580 4387 Sa-

664 4423 850 4484 maria
871 4422 1171 4483 Christum
1189 4421 1579 4501 praedicante,

667 4526 726 4577 et
750 4517 921 4595 signa
962 4516 1229 4588 faciente,
1266 4516 1430 4577 multi
1458 4535 1581 4577 cre·

668 4611 813 4671 dunt
893 4621 953 4671 et
1033 4611 1437 4692 baptizantur:
1522 4612 1582 4671 in

666 4705 877 4784 quibus
918 4714 978 4765 et
1007 4705 1216 4767 Simon
1258 4706 1584 4785 baptizatus

666 4799 941 4859 adhaeret
969 4798 1254 4878 Philippo.

650 4984 816 5034 Mla
835 4984 908 5033 ad
922 4984 1051 5035 cudi.
1076 4984 1253 5037 Bam&
1277 4991 1363 5037 etc.
1430 4986 1548 5037 XV.
1582 4995 1718 5053 septe
1740 4988 1868 5039 Met.

648 5048 793 5099 XVI.
827 5056 1001 5115 postea
1022 5065 1202 5115 aquam
1226 5051 1455 5110 Bamb.*,
1477 5059 1623 5118 poste
1642 5068 1826 5119 aquam
1847 5069 1944 5104 cor.

649 5114 823 5166 XVII.
859 5115 1113 5165 martirum
1135 5116 1317 5166 Bamb.

1663 743 1715 803 Α
1732 739 1963 804 CTUS
2003 738 2409 802 APOSTOL
2423 738 2540 801 OR
2552 738 2707 802 ΠΜ.

1867 910 2045 961 Bam.
2074 909 2194 960 A.1.
2223 909 2418 973 Μυῖα.
2445 919 2492 973 7-

1679 1227 1813 1288 XV.
1877 1230 1971 1289 De
2026 1238 2253 1307 septem
2309 1228 2680 1305 dispensato-

1758 1324 1918 1384 ribus
1971 1322 2161 1403 plenis
2215 1323 2416 1401 spiritu
2472 1330 2680 1382 sancto

1759 1428 1818 1479 et
1865 1419 2275 1496 magistrorum
2325 1416 2506 1477 diuini
2563 1433 2679 1476 ser-

1761 1514 1955 1574 monis
1981 1509 2308 1574 ministerio
2337 1509 2636 1590 singulari.

1684 2449 1850 2510 XVI.
1892 2450 1987 2511 De
2027 2449 2310 2529 stephano
2345 2448 2447 2528 qui
2479 2457 2686 2527 postea

1765 2562 1943 2625 quam
1984 2545 2271 2605 maiorum
2311 2562 2381 2604 ac
2420 2543 2566 2621 legis
2591 2562 2685 2604 or-

1766 2640 1964 2701 dinem
2033 2638 2322 2699 enarrauit
2393 2637 2684 2699 insaniam

1764 2732 2019 2795 coercuit
2048 2732 2410 2794 iudaeorum.

1684 3114 1883 3176 XVII.
1925 3115 2018 3177 De
2056 3116 2320 3194 priucipe
2357 3126 2682 3194 martyrum

1763 3213 1862 3291 qui
1910 3211 2366 3273 interfectoribus
2421 3212 2541 3273 suis
2590 3212 2680 3271 in-

1763 3307 2124 3386 dulgentiam
2165 3317 2229 3367 ut
2258 3308 2453 3386 ipsum
2492 3307 2681 3368 facere

1765 3402 2021 3480 oportuit
2046 3401 2374 3480 postulauit.

1686 4326 1922 4395 XVIII.
1961 4331 2057 4393 De
2097 4347 2276 4409 mago
2313 4330 2543 4391 simone
2585 4331 2686 4409 qui

1766 4426 1827 4486 in
1894 4443 2153 4506 persona
2221 4423 2498 4486 salsorum
2574 4423 2687 4486 fra·

1766 4531 1918 4580 trum
1937 4519 2014 4581 ad
2034 4520 2147 4581 hoc
2168 4519 2496 4598 baptizams
2524 4530 2609 4580 est
2624 4530 2688 4579 ut

1766 4613 2048 4693 deinceps
2092 4624 2435 4675 sanctorum
2477 4632 2688 4674 saeuus

1766 4719 2090 4787 emergeret
2117 4708 2432 4769 insecutor.

2000 4987 2173 5054 plenos
2193 4987 2317 5038 Met.

2141 5054 2389 5105 malorum
2410 5052 2590 5103 Bamb.

1734 5201 1998 5250 personam
2013 5185 2191 5236 Βακὰ.
2324 5200 2471 5235 aeuus
2487 5184 2664 5237 Bana.

2759 5056 2975 5107 narrauit
2995 5055 3120 5107 Met.

1447 5133 1543 5168 om.
1568 5121 1990 5178 indulgentiam
2010 5119 2188 5171 Bamb.
2324 5122 2677 5178 pentulaust:
2713 5122 2983 5172 custodiuit
3003 5120 3183 5173 Bamb.

648 5180 848 5232 XVIII.
884 5196 1089 5246 symone
1111 5182 1289 5232 Bamb.
1305 5188 1357 5234 et
1375 5183 1604 5234 XVIIII.
2803 5187 2815 5200 ‘

3715 753 3789 820 ¹3

2786 1416 2861 1477 X.
2904 1416 2997 1477 De
3028 1415 3221 1477 uiduis
3251 1424 3311 1475 et
3347 1423 3512 1493 septe
3549 1423 3785 1494 aposto-

2866 1512 3054 1572 lorum
3085 1509 3439 1573 constitutio.

2789 2451 2897 2511 XI.
2939 2449 3254 2511 Tractatus
3295 2449 3546 2511 stbefani
3585 2449 3659 2510 de
3687 2467 3791 2528 ge·

2869 2546 2994 2607 noei
3022 2555 3082 2606 et
3110 2545 3371 2606 exhodo.

2789 2928 2930 2988 XII.
3014 2926 3322 3006 Lapidatio
3391 2936 3449 2986 et
3519 2924 3796 2987 dormitio

2866 3019 3074 3084 stefani
3101 3017 3441 3101 (stepani*).

2790 4336 2930 4400 XII.
3007 4336 3099 4401 De
3156 4339 3383 4403 simone
3452 4356 3632 4419 mago
3691 4338 3791 4400 alii

2870 4431 3006 4515 (sic)
3032 4435 3360 4514 baptizatus
3385 4446 3493 4496 est.

3316 5058 3445 5111 indes
3479 5057 3659 5110 M.

2800 5202 3022 5253 mteqnu.
3038 5188 3215 5239 Bam&
