4825 6525
1073 698 1156 746 22

1153 1172 1352 1232 theum
1407 1187 1604 1232 secum
1660 1169 1845 1230 uoluit
1897 1168 2073 1250 profi-

1153 1265 1294 1326 cisci
1321 1263 1679 1324 circumcidit
1706 1279 1860 1323 eum.

1073 1929 1299 1991 XLIII.
1393 1929 1796 1991 Transeuntes
1878 1936 2072 1988 autem

1152 2022 1395 2101 frygiam
1450 2033 1509 2084 et
1563 2022 1833 2102 galatiam
1894 2020 2072 2081 uetati

1154 2127 1292 2177 sunt
1319 2117 1394 2177 ab
1432 2117 1631 2195 spiritu
1669 2126 1874 2176 sancto
1910 2115 2072 2194 loqui

1153 2212 1397 2270 uerbum
1425 2210 1485 2269 in
1513 2209 1637 2270 asia
1662 2218 1721 2269 et
1748 2209 2072 2269 temtabant

1153 2305 1235 2364 ire
1278 2302 1602 2381 bythiniam
1651 2321 1772 2362 non
1814 2303 2072 2380 permisit

1150 2417 1254 2459 eos
1281 2399 1515 2476 spiritus
1543 2398 1682 2458 iesu.

1071 2489 1328 2552 XLHII.
1371 2490 1491 2551 Ubi
1530 2489 1818 2570 quaedam
1863 2490 2070 2551 mulier

1151 2585 1388 2645 nomine
1435 2583 1590 2663 lydia
1629 2585 1966 2646 intendebat
2006 2586 2069 2645 in

1153 2679 1243 2739 bis
1270 2698 1419 2758 quae
1445 2678 1785 2739 dicebantur
1810 2697 1847 2738 a
1872 2680 2067 2757 paulo.

1072 2770 1259 2833 XLV.
1328 2771 1448 2832 Ubi
1516 2772 1727 2851 paulus
1804 2773 2069 2851 spiritum

1151 2866 1406 2945 pithonis
1447 2885 1483 2926 a
1522 2866 1714 2945 puella
1752 2866 1973 2944 expulit
2011 2877 2069 2927 et

1152 2962 1294 3021 dum
1322 2961 1482 3021 missi
1510 2959 1751 3021 fuissent
1777 2959 1985 3038 paulus
2012 2970 2070 3020 et

1152 3053 1292 3114 silas
1321 3055 1382 3113 in
1409 3071 1699 3115 carcerem
1725 3063 1923 3115 custos
1945 3073 2069 3115 car-

1154 3147 1298 3208 ceris
1339 3146 1579 3209 credidit
1631 3159 1689 3208 et
1743 3148 2068 3227 baptizatus

1155 3251 1260 3303 est.

1071 3905 1292 3966 XLVI.
1362 3904 1481 3983 Ubi
1534 3905 1744 3985 paulus
1811 3917 1870 3967 et
1930 3905 2066 3967 silas

1151 4010 1434 4062 uenerunt
1492 4001 1903 4063 tessalonicam
1967 3999 2069 4060 ad-

1150 4096 1417 4172 aperiens
1449 4094 1522 4155 de
1564 4097 1862 4173 scripturis
1895 4104 1954 4155 et
1981 4095 2069 4154 in·

1154 4189 1393 4249 sinuans
1419 4190 1555 4266 quia
1589 4189 1867 4251 christum
1894 4207 2068 4267 opor-

1152 4283 1258 4342 tuit
1300 4283 1419 4361 pati
1468 4293 1527 4343 et
1573 4282 1827 4361 zelantes
1877 4283 2069 4343 iudaei

1152 4384 1461 4437 tenuerunt
1488 4377 1771 4439 iasonem.

2365 682 2822 746 CAPITULA
2876 681 2996 743 IN

2174 849 2548 906 BFoKRsUc2
2592 850 2725 900 codd.
2773 851 2890 902 Uat.
2925 863 3076 914 4221,
3122 851 3178 900 S.

2237 915 2418 975 Pauli,
2485 916 2541 966 S.
2608 916 2764 977 Petri,
2835 917 2979 967 Orat.
3043 916 3186 981 apud

2245 981 2570 1059 mma-rium
2582 998 2605 1042 ,-
2652 982 2751 1032 cod.
2796 982 2938 1032 Coro.
2982 995 3007 1030 2
3045 982 3188 1046 apud

2177 1925 2434 1988 XLIIII.
2488 1925 2608 1987 Ubi
2661 1925 2867 2005 paulus
2914 1925 3176 1986 uisitatur

2257 2032 2316 2082 et
2357 2019 2515 2081 uidet
2555 2022 2747 2080 uirum
2788 2019 3174 2081 macedonem

2258 2123 2506 2175 stantem
2533 2113 2944 2192 deprecantem
2971 2131 3124 2173 eum.

2171 2487 2359 2550 XLV.
2404 2489 2497 2550 De
2525 2490 2699 2569 lydda
2723 2463 3078 2570 purpuraria.

2172 2762 2393 2824 XLVI.
2437 2764 2531 2825 De
2559 2765 2753 2844 puella
2778 2765 3032 2827 habente
3064 2766 3174 2844 spi·

2253 2860 2426 2919 ritum
2453 2859 2790 2938 pythonem.

2169 3904 2422 3966 XLVII.
2491 3905 2611 3967 Ubi
2664 3903 2855 3967 iudaei
2918 3903 3173 3965 zelantes

2250 4001 2492 4079 paulum
2548 4000 2990 4060 concitauerunt
3051 4008 3172 4059 tur-

2249 4095 2387 4155 bam
2417 4093 2495 4154 ad
2522 4093 2768 4154 domum
2797 4094 3032 4154 iasonis.

3732 850 3827 901 CT

3362 1168 3588 1230 minato
3628 1186 3830 1230 marco
3870 1179 3929 1229 et
3969 1168 4065 1229 ubi
4109 1169 4281 1229 timo-

3361 1263 3530 1324 theus
3556 1281 3593 1322 a
3620 1262 3799 1341 paulo
3826 1263 4264 1324 circumciditur.

3279 1929 3568 1989 XXXVI.
3604 1930 3948 1991 Proibentur
3974 1931 4050 1991 ab
4079 1930 4280 2009 spiritu

3358 2026 3567 2104 paulus
3610 2034 3669 2085 et
3716 2026 3814 2103 qui
3859 2043 3996 2085 cum
4045 2043 4120 2086 eo
4158 2027 4277 2086 asie

3358 2120 3453 2179 uel
3496 2119 3693 2179 bitinie
3737 2118 4032 2197 predicare
4080 2130 4138 2180 et
4185 2138 4277 2179 so·

3359 2213 3587 2272 mnium
3633 2212 3791 2290 pauli
3846 2213 3922 2273 de
3968 2214 4100 2274 uiro
4153 2231 4279 2274 ma·

3358 2308 3600 2368 cedone.

3278 2487 3597 2549 XXXVII.
3639 2488 3732 2550 De
3761 2490 3897 2550 lidia
3934 2491 4277 2569 purpuraria

3359 2581 3703 2663 (purpura*)
3720 2586 3780 2643 in
3798 2586 4029 2645 ciuitate
4047 2585 4274 2645 colonie

3358 2697 3472 2757 que
3500 2678 3673 2738 estin
3701 2677 4062 2739 macedonia.

3277 2771 3625 2833 XXXVIII.
3691 2771 3906 2832 Paulus
3951 2772 4011 2831 in
4067 2772 4274 2834 eadem

3357 2868 3502 2926 urbe
3517 2868 3777 2944 pitonem
3796 2867 3931 2926 eicit
3948 2866 4022 2926 de
4037 2867 4276 2927 muliere

3358 2960 3567 3021 ancilla
3614 2971 3671 3020 et
3718 2962 3885 3039 plebs
3926 2962 4167 3038 paulum
4216 2972 4276 3022 et

3359 3055 3560 3116 sileam
3586 3056 3647 3114 in
3673 3056 3802 3116 foro
3831 3055 4039 3116 ductos
4062 3056 4277 3116 cedunt

3359 3161 3417 3211 et
3444 3151 3505 3210 in
3533 3168 3719 3211 neruo
3746 3150 3995 3212 mittunt.

3278 3242 3665 3306 XXXVIIII.
3721 3244 3914 3305 Nocte
3964 3254 4275 3306 terremotu

3305 3380 3308 3381 ν
3359 3339 3517 3401 facto
3583 3340 3886 3400 soluuntur
3951 3350 4011 3400 et
4077 3351 4276 3401 custos

3359 3426 3566 3515 (-tus⁵'¹)
3595 3451 3893 3494 carcerum
3919 3435 3994 3493 ab
4024 3433 4109 3494 eis
4136 3435 4275 3494 bab-

3355 3529 3576 3587 tizatur.

3275 3619 3404 3681 XL.
3469 3621 3845 3698 Magistratus
3888 3621 4086 3681 iubent
4126 3621 4272 3679 mitti

3356 3716 3655 3793 apostolos
3696 3725 3754 3774 et
3796 3716 4005 3793 paulus
4039 3724 4274 3775 contra-

3354 3811 3495 3870 dicit
3519 3819 3579 3869 et
3604 3819 3800 3870 tamen
3826 3809 4135 3887 egreditur.

3275 3903 3436 3964 XLI.
3507 3904 3722 3965 Paulus
3792 3905 3852 3964 in
3930 3903 4272 3964 tessalonica

3353 3998 3608 4077 predicat
3662 4000 3722 4057 iu
3776 3999 4061 4077 sinagoga
4119 3997 4270 4057 iudei

3354 4094 3619 4154 iasonem
3690 4090 3912 4173 (iass.*)
3975 4100 4270 4170 pertraant

3351 4187 3663 4248 latentibus
3690 4188 3985 4265 apostolis.

1072 4761 1324 4825 XLVII.
1375 4758 1505 4824 ,Ubi
1560 4764 1767 4843 paulus
1826 4766 2069 4825 ueniens
2170 4764 2454 4828 XLVIII.
2495 4765 2709 4828 Paulus
2735 4764 3169 4827 atheniensibus
3271 4760 3463 4822 XLII.
3497 4759 3712 4822 Paulus
3738 4760 3961 4826 athenis
3987 4777 4123 4820 cum
4145 4760 4272 4821 filo-

1152 4858 1379 4918 athenis
1415 4869 1473 4918 et
1512 4859 1764 4937 epicurei
1802 4869 1862 4919 et
1903 4859 2069 4920 stoici

1136 5014 1299 5063 Notae
1317 5014 1390 5063 ad
1404 5014 1535 5064 codd.
1561 5014 1751 5065 ΒΡΘΚ
1771 5022 1856 5065 etc.
1922 5015 2147 5067 XLIIII.
2180 5017 2309 5067 uidit
2329 5016 2414 5068 SU
2436 5018 2566 5069 codd.
2590 5024 2670 5083 ap.
2702 5016 2901 5077 Thom.;
2949 5029 2987 5067 4-
3001 5017 3053 5066 in
3076 5014 3277 5066 somnio
3298 5013 3364 5065 U.

1798 5087 2078 5133 stantem:
2113 5097 2206 5133 om.
2231 5097 2290 5141 c;
2336 5096 2374 5133 -ι-
2410 5091 2462 5133 et
2484 5084 2531 5133 R
2562 5084 2676 5135 Uat.
2699 5095 2846 5146 4221,
2873 5082 3017 5133 orat.

1556 5146 1711 5211 prae.)
1733 5145 1871 5197 OKS
1892 5162 1917 5195 c
1936 5147 2064 5197 codd.
2089 5148 2144 5198 S.
2169 5148 2346 5210 Pauli,
2368 5149 2422 5199 S.
2450 5149 2611 5210 Petri,
2634 5149 2752 5198 Sab.

2142 5227 2211 5278 pu
2302 5214 2431 5263 rasia
2452 5213 2565 5264 sab.

1070 5078 1313 5129 machedo
1335 5080 1517 5129 donem
1541 5080 1603 5130 R.

1071 5143 1557 5260 dwzggffle
1576 5226 1616 5271 c,
1640 5212 1760 5276 lydo.

1136 5273 1322 5325 XLVI.
1393 5276 1578 5326 uellam
1600 5276 1701 5328 BF.

1780 5210 1857 5262 Θ*
1874 5212 1991 5263 Sab.

1869 5277 2132 5328 habentem
2165 5279 2207 5328 B
2253 5276 2651 5343 KR‚(abentem)
2673 5278 2725 5330 S.

2250 4861 2389 4922 dicit
2416 4861 2490 4921 de
2518 4863 2721 4938 ignoto
2747 4861 2880 4920 deo.

1070 5344 1329 5403 pyttoncm
1390 5376 1405 5402 ,
1430 5341 1704 5407 phytouem
1726 5342 1901 5400 ΒΘῙΠ,
1923 5344 2177 5407 phitonem
2199 5360 2226 5393 c
2245 5345 2390 5394 Sub-t
2425 5344 2681 5411 phithonis
2702 5345 2766 5395 R.

1136 5403 1354 5455 XLVII.
1392 5406 1523 5457 iudei
1547 5407 1593 5456 R
1614 5424 1656 5459 c.
1785 5409 1956 5458 turbas
1977 5408 2030 5462 S.

1138 5469 1382 5522 XLVIII.
1429 5484 1465 5521 -ι-
1502 5471 1586 5521 ubi
1609 5473 1682 5522 ad
1697 5472 1814 5523 istit.
1839 5473 1994 5524 BRU.

2159 5409 2369 5459 iassouis
2389 5408 2442 5463 S.

2883 5146 3224 5199 eumzseU.

3353 4856 3494 4918 sofis
3537 4855 3790 4932 disputat
3831 4856 3891 4914 in
3932 4854 4060 4916 foro
4099 4853 4270 4935 (foco

3488 5011 3843 5063 machedonem
3868 5012 3953 5061 BF
3955 5011 4025 5071 K,
4047 5025 4190 5060 -num
4211 5008 4272 5070 S,

3235 5084 3632 5139 deprecantem
3652 5077 3747 5128 RU
3778 5079 3897 5128 Uat.
3919 5089 4065 5141 4221,
4094 5077 4270 5136 Orat.;

2890 5282 3203 5338 pythonem
3227 5277 3295 5341 K,
3318 5276 3626 5343 phythouem
3658 5274 3844 5338 nom„
3866 5278 4104 5340 pytonem
4127 5268 4267 5335 ἙΘ*,
